3700 5684
417 685 463 756 64
771 710 816 756 os
842 708 1095 756 rnrsnaroavn
1122 708 1298 756 rrrsrvms

417 870 570 943 fortasse
598 897 634 942 u.
663 871 683 940 l
711 864 761 942 ἔτι
790 863 874 954 ἕξειν
903 874 962 943 τὸν
986 862 1169 968 πρ[ὁτερον
1176 922 1254 938 .....
1283 860 1474 968 ὁρισμόν]);
1509 868 1643 940 deinde

418 1020 462 1083 eo
484 994 582 1093 quod
601 994 640 1067 L.
657 994 755 1065 Iunii
774 994 968 1077 Gallionis,
982 993 1142 1066 Senecae
1165 995 1299 1083 fratris,
1320 1019 1464 1093 procos.
1483 993 1644 1066 Achaiae

419 1145 554 1191 nomen
581 1119 772 1191 adfertur¹
804 1128 914 1217 atque
941 1118 1119 1191 Claudius
1150 1119 1239 1217 imp.
1272 1118 1396 1189 XXVI
1424 1118 1642 1217 appellatur,

418 1243 513 1315 hanc
532 1244 823 1342 fragmentorum
840 1269 1054 1343 compagem
1077 1243 1301 1315 confirmari.
1345 1310 1356 1323 ,

468 1368 658 1451 Quaenam
677 1368 749 1441 Gar
771 1394 876 1440 soror
893 1368 1000 1440 titulo
1020 1394 1130 1466 quem
1156 1362 1250 1440 infra
1267 1366 1510 1439 transcribam
1530 1368 1646 1439 hono

418 1502 496 1567 rata
519 1492 660 1564 sitnon
684 1492 791 1564 facile
815 1491 1089 1578 diiudicaueris
1115 1517 1200 1563 narn
1222 1491 1384 1563 nominis
1407 1504 1466 1563 aut
1492 1491 1646 1563 sortasse

418 1615 651 1715 cognominis
672 1617 776 1712 (caue
799 1642 845 1688 ne
867 1617 1039 1717 suppleas
1063 1608 1164 1703 θεὰν)
1190 1614 1282 1688 nihil
1306 1625 1406 1688 extat
1424 1614 1496 1687 nisi
1518 1615 1647 1688 ultima

418 1739 538 1813 littera
567 1766 679 1838 quam
710 1741 865 1813 duarum
900 1741 1105 1813 litterarum
1136 1740 1396 1841 interpositum
1431 1738 1591 1837 spatium
1627 1766 1648 1811 a

418 1863 586 1963 uestigiis
602 1864 795 1938 cuiusdam
816 1865 995 1937 rotundae
1015 1874 1159 1963 separat
1181 1888 1188 1935 :
1211 1890 1249 1935 n.
1275 1864 1367 1936 1512
1391 1888 1399 1935 :

688 2056 747 2145 [Ἠ
764 2063 852 2136 πὸλις
871 2068 928 2124 τῶν
950 2059 1092 2144 Δελφῶν.
1109 2111 1115 2122 .
1131 2110 1137 2122 .
1153 2107 1160 2121 .
1176 2111 1181 2121 .
1199 2109 1204 2120 .
1221 2056 1247 2143 l

734 2224 815 2240 ......
821 2176 862 2240 Ο.
881 2172 944 2260 [oh
961 2175 1051 2240 Γαίσυ
1069 2175 1217 2260 Καίσαρος
1235 2174 1332 2239 Αὐτε-

732 2292 876 2375 κράτορος
903 2290 1052 2355 Sesamos
1079 2289 1208 2375 ἀδελφὴν

740 2401 913 2470 'flebiliore
930 2406 1055 2471 ΙΙυθίωι.

470 2579 574 2652 Illius
604 2578 872 2652 illustrissimae
909 2580 1087 2665 mulieris,
1125 2605 1380 2678 quaecumque
1415 2577 1496 2665 fuir,
1530 2589 1649 2651 statua

421 2729 534 2804 super
548 2703 703 2801 gradum
723 2704 850 2802 templi
870 2716 990 2777 erecta
1006 2716 1072 2793 est,
1093 2730 1208 2775 unum
1224 2703 1361 2776 scilieet
1379 2729 1424 2774 ex
1443 2701 1560 2774 tribus
1575 2700 1648 2773 illis

423 2825 569 2926 βαθμοῖς
590 2843 652 2901 τοῦ
674 2818 947 2928 κρηπιδώματος
966 2830 1029 2927 qui
1050 2828 1093 2900 ad
1115 2828 1295 2901 orientem
1313 2826 1539 2926 spectabant.
1564 2826 1649 2898 Del·

422 2952 485 3051 phi
505 2953 622 3024 multo
642 2962 724 3051 post
747 2951 793 3025 ad
817 2952 908 3025 duas
932 2952 1165 3026 Constantini
1186 2952 1323 3050 effigies
1349 2950 1538 3050 ponendas
1565 2962 1648 3023 tan-

422 3102 533 3175 quam
551 3075 630 3149 basi
650 3075 779 3149 eadem
802 3077 991 3175 crepidine
1012 3077 1068 3149 usi
1088 3087 1195 3163 sunt3
1217 3075 1515 3175 antiquissimum
1535 3102 1650 3174 quan·

422 3210 501 3273 tum
521 3201 598 3272 scio
620 3200 721 3273 illius
735 3201 983 3300 parsimoniae
1006 3202 1217 3300 exemplum
1235 3200 1274 3272 in
1295 3226 1421 3272 sorore
1442 3199 1511 3273 Gai
1530 3200 1650 3272 hono·

422 3322 740 3397 randadederunt.

471 3449 630 3521 Naaoms
649 3474 800 3535 nomen,
821 3460 861 3520 ut
885 3449 1045 3537 uidetur,
1070 3448 1281 3523 Hadrianus
1298 3448 1472 3521 adsertio
1492 3447 1648 3548 epistula

423 3572 582 3671 quadam
601 3583 675 3644 tam
696 3573 828 3645 misere
854 3573 890 3645 in
918 3574 1032 3672 priori
1057 3585 1159 3674 parte
1184 3574 1383 3672 deprauata
1402 3583 1442 3644 ut
1471 3572 1533 3644 uix
1555 3572 1651 3644 affir-

423 3723 523 3769 mare
542 3696 651 3770 liceat
674 3696 802 3769 abillo
829 3698 1126 3796 amphictyonica
1149 3697 1321 3795 suffragia
1342 3722 1435 3795 quae
1458 3699 1648 3794 Augustus

423 3820 660 3894 constituerat
689 3833 913 3895 commutata
940 3848 1019 3895 esse
1048 3824 1098 3919 (u.
1126 3850 1163 3921 p.
1193 3823 1337 3920 79).1n
1366 3820 1435 3893 alia
1469 3820 1648 3893 Hadriani

423 3946 578 4044 epistula
608 3946 855 4019 Vssrasmnvs
883 3973 1031 4045 quoque
1063 3947 1288 4033 nominatur,
1317 3972 1428 4045 quem
1455 3926 1650 4044 pecuniam

423 4095 491 4169 pro
510 4069 579 4141 Dei
595 4096 682 4167 agro
701 4070 846 4167 integro
867 4071 1005 4143 tuendo
1030 4070 1076 4143 ab
1099 4071 1253 4170 Delphis
1274 4070 1445 4143 traditam
1462 4068 1648 4169 accepisse

424 4220 498 4265 non
517 4193 711 4267 miraberis
729 4196 779 4294 (u.
802 4222 838 4294 p.
863 4196 939 4293 75).

461 4453 486 4507 l.
507 4454 540 4505 Α.
562 4470 590 4523 p.
606 4453 675 4507 Chr.
688 4454 722 4507 52
737 4471 743 4509 :
757 4454 795 4509 cl.
813 4455 993 4525 Prosopogr.
1017 4454 1041 4507 ll
1057 4473 1086 4527 p.
1103 4456 1166 4510 238.
