3700 5684
270 1582 309 1655 Si
336 1583 420 1681 quis
447 1609 513 1682 per
539 1582 672 1655 rudera
699 1582 932 1682 Delphorum
970 1612 1069 1658 nunc
1102 1587 1263 1658 fossione
1300 1596 1447 1685 peracta

220 1706 444 1796 deambulat,
468 1708 542 1778 iarn
564 1706 685 1806 primo
713 1706 888 1805 adspectu
915 1734 991 1780 non
1009 1720 1130 1808 potest
1149 1736 1223 1781 non
1247 1735 1445 1806 agnoscere

220 1856 331 1928 quarn
353 1832 468 1903 multa
487 1831 671 1902 sintillius
690 1831 820 1903 aetatis
840 1832 996 1928 uestigia
1013 1859 1085 1930 qua
1106 1833 1264 1906 Romani
1287 1833 1446 1932 impera-

219 1966 317 2027 tores
332 1955 526 2028 Graeciam
550 1980 696 2027 summa
723 1965 903 2054 potestate
927 1957 1116 2054 regebant.
1141 1956 1321 2029 Consulto
1345 1957 1445 2029 enirn

220 2106 350 2151 omnes
384 2078 659 2152 aedificationes
697 2079 966 2178 praetermittat
1006 2108 1097 2179 quas
1137 2082 1174 2153 in
1216 2082 1446 2181 temporibus

219 2211 434 2311 Byzantinis
443 2223 646 2285 exstructas
657 2239 735 2285 esse
750 2213 877 2310 liquet,
889 2213 1030 2286 scilicet
1038 2212 1281 2313 ἀναλήμματα
1294 2216 1446 2314 pessimi

219 2328 365 2426 generis
398 2328 553 2426 quaein
580 2328 754 2400 interiore
783 2330 875 2401 sacri
903 2329 1060 2428 periboli
1081 2343 1184 2429 parte
1211 2357 1321 2429 supra
1345 2331 1444 2403 uiam

220 2478 360 2545 sacram
379 2452 500 2524 adhuc
517 2453 815 2550 conspiciuntur;
839 2464 875 2526 et
893 2454 1047 2526 miseras
1069 2454 1251 2552 rudesque
1271 2465 1446 2552 quattuor

219 2587 282 2649 aut
301 2577 464 2673 quinque
486 2576 772 2648 christianorum
784 2578 992 2676 sepulturas
1003 2605 1099 2676 quae
1114 2579 1159 2650 ad
1180 2579 1342 2677 primum
1361 2579 1442 2651 uiae

218 2726 341 2772 sacrae
360 2700 631 2799 flexum,supra
650 2700 864 2772 thesaurum
876 2701 1154 2798 Megarensibus
1174 2700 1439 2787 adiudicatum,

218 2835 342 2896 erutae
361 2835 465 2911 sunt3
488 2835 522 2895 el
541 2824 729 2922 ingentem
745 2826 881 2896 molem
897 2824 1224 2897 fundamentorum
1243 2824 1379 2923 quibus
1401 2826 1439 2899 S.

219 2948 361 3021 Nicolai
383 2947 537 3049 ecclesia
554 2946 792 3036 fulciebatur;
815 2958 849 3019 et
871 2947 1076 3020 latericium
1095 2975 1274 3046 aquarum
1291 2949 1442 3023 ductum

217 3099 327 3170 quem
344 3098 363 3144 e
383 3072 575 3145 Cassotide
592 3071 788 3144 defluxisse
800 3072 1001 3144 uerisimile
1014 3083 1070 3144 est
1079 3098 1265 3171 quemque
1280 3072 1441 3157 diruere,

218 3206 258 3268 ut
274 3208 384 3295 caput
409 3197 673 3293 thoracemque
697 3197 828 3268 ahenei
854 3197 1016 3295 Aurigae
1040 3197 1307 3285 inueniremus,
1326 3199 1443 3270 coacti

218 3346 358 3392 sumne.
377 3319 586 3419 Suppetunt
600 3321 765 3420 profecto
777 3347 870 3419 quae
888 3321 998 3393 aetati
1010 3321 1242 3394 antecedenti
1253 3321 1443 3395 uindicare

217 3444 326 3518 nobis
355 3445 475 3518 liceat.
518 3445 686 3517 Primum
722 3444 783 3517 uia
807 3471 922 3533 sacra,
956 3447 1117 3545 aplatea
1144 3446 1240 3518 unde
1260 3447 1441 3544 originem

216 3577 319 3650 ducit
352 3590 461 3676 atque
497 3603 518 3650 a
557 3577 733 3673 gradibus
770 3578 905 3676 quibus
935 3578 1055 3651 adhue
1083 3582 1248 3677 τεμένους
1273 3591 1440 3678 saeptum

216 3702 446 3801 ingredimur
461 3728 578 3800 usque
593 3702 638 3774 ad
659 3702 770 3773 finem
791 3712 875 3773 ante
893 3703 1024 3800 templi
1042 3703 1217 3791 frontem,
1236 3703 1440 3801 eademque

217 3827 278 3899 uia
298 3826 476 3925 producta
494 3850 610 3922 usque
633 3824 676 3897 ad
696 3825 947 3924 opisthodorni
974 3825 1147 3924 plateam,
1173 3826 1439 3924 imperatorum

216 3958 382 4050 tempore
411 3924 527 4049 paene
550 3959 626 4021 tota
649 3950 784 4021 relecta
813 3960 879 4022 est.
907 3949 1016 4033 Quod
1034 3959 1214 4023 testantur
1233 3951 1440 4048 permultae

215 4085 382 4147 ueterum
416 4075 646 4146 saeculorum
676 4073 937 4171 inscriptiones
977 4073 1113 4171 quibus
1148 4085 1331 4146 constrata
1368 4087 1436 4166 est,

214 4198 464 4271 dedicationes
490 4198 631 4270 scilicet
651 4206 714 4269 a'ut
735 4209 968 4296 acceptarum
989 4223 1309 4296 expensarumque
1330 4226 1440 4298 pecu-

215 4323 359 4395 niarum
380 4322 539 4395 tabulae.
559 4321 642 4393 Huc
661 4322 803 4394 accedit
827 4321 926 4421 quod
954 4332 1157 4396 statuarum
1180 4322 1287 4396 bases
1309 4350 1440 4397 seeun-

215 4447 303 4519 dum
325 4447 426 4519 illam
452 4446 552 4518 uiam
582 4445 732 4517 crebrae
757 4458 969 4534 occurrunt,
995 4448 1034 4518 in
1061 4447 1198 4519 uicinia
1227 4449 1369 4547 templi,
1400 4461 1439 4522 ut
