3700 5684
748 582 805 657 'ua
832 610 1039 672 usuvmors·
1451 586 1493 655 41

273 767 361 854 lum,
388 764 499 837 silent
517 762 688 864 lapides:
716 763 997 859 magistratuum
1021 787 1108 833 sane
1136 761 1289 834 nomina
1315 788 1498 861 nusquam

273 889 496 977 inuenimus‚
514 899 551 961 et
564 888 629 960 uix
644 886 848 986 quidquam
863 885 908 959 de
922 886 1078 985 Delphis
1088 911 1283 958 nossemus
1296 864 1368 958 nisi
1382 887 1499 986 impe·

271 1014 489 1087 'ratoriarum
518 991 759 1113 epistularum
788 1011 994 1110 fragmenta
1021 1010 1163 1109 aliquot
1190 1021 1335 1085 seruata
1360 994 1497 1084 assant:

271 1137 342 1212 Sed
362 1138 456 1210 forte
473 1137 602 1210 titulus
621 1134 923 1235 effliuprimis
941 1135 1061 1234 quarti
1081 1134 1216 1207 saeculi
1236 1135 1344 1207 annis
1360 1135 1499 1207 incisus

271 1261 316 1335 de
342 1288 416 1361 quo
444 1262 540 1334 infra
562 1248 713 1357 agetur3
749 1256 872 1333 statim
891 1267 985 1332 uero
1009 1258 1249 1332 indicandum
1273 1270 1329 1332 est
1349 1247 1497 1359 quando

198 1454 201 1457 ,
272 1386 429 1486 scriptus
448 1386 496 1459 sit
515 1392 523 1458 :'
549 1385 665 1486 impp.
688 1384 933 1458 Constantino
959 1394 995 1457 et
1022 1366 1214 1457 Liciniano
1237 1384 1380 1456 Licinio
1400 1378 1495 1457 ease.

274 1510 491 1609 (quartum),
521 1537 554 1583 a.
584 1510 655 1582 315
677 1509 830 1598 scilicet,
854 1508 1039 1582 Babbium
1070 1508 1267 1581 Aurelium
1295 1508 1498 1606 Philispio-

273 1634 371 1733 nem]
391 1634 545 1735 Delphis
564 1635 778 1708 archontem
796 1625 909 1706 fuisse
928 1632 1119 1706 docemur
1255 1626 1258 1634 Δ

670 1972 739 2045 ΙΙΙ.
758 2016 808 2029 -
832 1999 877 2046 ns
902 1958 1096 2045 namvaors

318 2214 372 2287 Ex
392 2212 568 2286 omnibus
580 2239 674 2312 quae
692 2214 870 2286 haetenus
889 2213 980 2302 dixi,
1000 2212 1225 2313 reipublicae
1245 2223 1380 2286 statum
1397 2213 1497 2312 quod

270 2338 314 2411 ad
333 2339 491 2411 formam
509 2348 608 2410 certe
630 2348 667 2411 et
683 2337 846 2437 speciem
868 2338 997 2411 attinet
1020 2364 1094 2410 non
1116 2339 1274 2410 multum
1295 2348 1498 2411 eommuta-

270 2474 348 2536 tum
380 2488 460 2535 esse
491 2473 656 2562 apparet.
699 2462 895 2536 Libertatis
937 2462 1037 2535 enim
1079 2489 1216 2535 nomeu
1257 2462 1411 2563 Delphis
1450 2462 1498 2536 ab

270 2586 443 2661 omnibus
474 2587 550 2660 lere
572 2586 858 2687 imperatoribus
884 2587 990 2687 quasi
1018 2613 1094 2659 uno
1121 2598 1246 2660 tenore
1266 2597 1499 2660 asseueratur

269 2723 377 2811 atque
396 2711 534 2785 liberae
552 2711 714 2785 ciuitatis
736 2711 901 2784 instituta
921 2710 1096 2784 uidentur
1119 2737 1212 2802 esse,
1229 2711 1299 2786 etsi
1323 2711 1496 2784 insolenti

270 2834 423 2909 libidine
438 2836 627 2910 archontis
647 2836 827 2909 memoria
837 2834 896 2908 bis
915 2846 971 2908 est
989 2836 1168 2934 neglecta.
1188 2835 1332 2936 Nempe
1351 2834 1498 2909 decreta

270 2971 310 3033 ut
353 2959 609 3061 superioribus
653 2958 883 3059 temporibus
920 2961 1091 3039 feruntur
1121 2986 1143 3032 a
1183 2959 1335 3060 populo,
1382 2958 1497 3033 uerbo

271 3085 398 3195 Δελφοί
430 3104 574 3167 tantum
605 3093 727 3193 posito
767 3120 834 3193 pro
872 3093 937 3167 illo
968 3092 1140 3166 sollemni
1173 3084 1358 3178 ἔδοξεντᾶι
1378 3091 1494 3176 πόλει,

269 3228 306 3290 et
340 3216 575 3290 buleutarum
611 3217 762 3290 nomina
798 3218 1013 3317 frequenter
1031 3218 1142 3291 etiam
1179 3243 1279 3291 nuno
1316 3227 1497 3291 testantur

268 3347 523 3449 προβούλευμα
546 3352 585 3424 in
609 3351 766 3445 oonsilio
792 3351 964 3451 delpbioo
993 3350 1223 3452 propositum
1248 3377 1291 3423 ae
1318 3360 1496 3424 statutum

267 3510 359 3557 esse.
373 3484 494 3557 Etiam
512 3484 604 3557 illud
621 3474 737 3584 δόγμα
762 3480 896 3582 βουλῆς
915 3485 974 3557 καὶ
997 3475 1126 3583 δήμου,
1145 3483 1245 3582 quod
1262 3485 1378 3556 semel
1392 3484 1497 3557 inue-

266 3608 390 3681 nimus
408 3608 447 3680 in
465 3608 570 3681 titulo
588 3609 751 3707 alioquin
772 3608 882 3681 latius
905 3608 1001 3697 tuso,
1023 3634 1089 3707 pro
1109 3608 1260 3706 antiqua
1282 3609 1441 3682 formula
1458 3609 1495 3681 in

265 3731 417 3805 breuius
439 3731 586 3805 redacta
608 3731 736 3805 haberi
757 3743 876 3831 potest
896 3757 905 3805 :
925 3730 1168 3831 quamobrem
1190 3731 1250 3805 hic
1271 3732 1399 3805 saltem
1421 3758 1496 3806 non

268 3857 507 3929 nominantur
526 3855 711 3930 buleutae.
726 3856 830 3930 Idem
845 3855 1046 3955 significari
1063 3856 1179 3955 liquet
1196 3856 1259 3928 illo
1275 3856 1497 3956 compendio

268 3986 306 4088 ψ.
323 3987 357 4089 β
384 3980 417 4063 δ.
440 3989 540 4088 quod
561 3990 775 4090 saepissime
790 3990 963 4064 occurrit.

316 4114 372 4186 De
390 4114 471 4213 ipso
491 4114 647 4187 consilio
671 4115 892 4214 paucissima
911 4113 1046 4203 dicam,
1069 4124 1264 4214 propterea
1288 4113 1386 4212 quod
1409 4141 1495 4187 mox

268 4245 422 4320 edentur
436 4247 658 4321 documenta
678 4275 765 4321 uere
786 4247 969 4322 mirabilia
984 4246 1119 4344 quibus
1135 4246 1343 4348 delphicam
1361 4245 1495 4347 βουλὴν

268 4370 524 4469 progrediente
542 4382 709 4473 tempore
725 4372 831 4445 foede
847 4371 1086 4471 deprauatam
1108 4397 1187 4444 esse
1213 4371 1380 4446 traditur.
1400 4373 1494 4445 Nem
