3700 5684
797 729 842 776 DE
868 729 1150 777 AMPHICTYONVM
1176 722 1381 778 EPIMELETIS

911 886 951 952 Οἱ
976 885 1189 972 ’Aperte-teta

910 1011 959 1067 aba
977 1007 1159 1083 ἐπιμελητὴν

866 1117 911 1183 Μ.
930 1117 1082 1202 Αὺρήλισν
1098 1117 1244 1183 Numidae

866 1232 1001 1317 Σατύρευ
1019 1232 1224 1313 Νικσπελίτην

863 1356 1126 1433 παραριθμήσαντα
1151 1349 1186 1413 τὰ
1209 1349 1272 1433 ἱερὰ

862 1471 1004 1549 χρήματα
1023 1472 1075 1528 τῶι
1094 1460 1160 1545 μετ’
1175 1466 1261 1528 ababa
1286 1488 1293 1504 ·

953 1583 1141 1660 ὲπιμελητῆι.

515 1776 531 1809 «
563 1743 701 1815 Iustam
724 1743 965 1842 pecuniarum
992 1769 1176 1815 summam
1206 1744 1240 1814 ei
1265 1743 1329 1840 qui
1359 1743 1396 1815 in
1427 1745 1543 1843 ipsius
1566 1747 1688 1819 locum

462 1865 682 1939 succedebat
711 1867 862 1940 tradidit
890 1899 923 1954 u,
953 1878 1027 1951 aut,
1055 1864 1156 1965 quod
1179 1866 1278 1939 idem
1309 1877 1378 1957 est,
1407 1869 1538 1940 aerarii
1563 1895 1688 1941 curam

460 1990 602 2078 habuit,
621 2001 657 2062 et
678 1991 744 2062 Dei
764 2017 841 2062 rem
862 1990 1108 2063 nummariam
1126 1990 1338 2088 reditusque
1350 1989 1445 2062 benc
1461 1992 1585 2090 gessit.
1606 1994 1687 2065 Non

461 2114 560 2186 enim
597 2140 693 2212 opus
727 2125 783 2185 est
813 2115 1010 2186 formulam
1060 2140 1152 2212 quae
1187 2114 1383 2212 aliquoties
1416 2115 1594 2214 inscripta
1636 2128 1690 2188 est

461 2244 500 2308 ἐκ
519 2242 589 2310 τῶν
604 2253 667 2310 τοῦ
687 2236 764 2310 θεοῦ
785 2237 981 2339 χρημάτων
997 2238 1056 2309 uel
1071 2228 1251 2336 προσόδων
1266 2237 1402 2336 ubique
1418 2238 1550 2336 legere.
1566 2239 1685 2312 Etiam

459 2360 523 2432 ubi
544 2387 618 2433 non
638 2361 831 2460 reperitur,
851 2360 901 2433 ibi
925 2388 992 2461 pro
1010 2372 1110 2434 certo
1130 2362 1310 2434 habemus
1332 2388 1471 2435 sacram
1491 2364 1684 2461 pecuniam

460 2511 563 2556 sacro
582 2485 750 2583 peribolo
771 2485 937 2557 ornando
967 2496 1002 2557 et
1030 2486 1235 2584 reparando
1256 2485 1457 2558 adhibitam
1480 2512 1572 2559 esse.
1596 2488 1685 2560 Del-

458 2608 541 2707 'phis
558 2610 672 2705 igitur
690 2619 727 2680 et
745 2609 943 2682 substructi
967 2609 1063 2681 muri
1089 2610 1305 2709 praesertim
1328 2610 1366 2681 in
1390 2609 1527 2682 uicinia
1544 2610 1680 2699 attaris,

459 2745 495 2806 et
520 2736 604 2805 fons
635 2743 672 2806 et
701 2734 763 2806 alii
790 2734 886 2805 muri
912 2760 1026 2833 prope
1062 2734 1306 2821 Cassotidem‚
1333 2743 1368 2805 et
1392 2733 1628 2833 bybliotheca
1651 2747 1685 2807 et

459 2857 615 2955 Pythiae
635 2858 780 2946 domus,
804 2868 840 2929 et
862 2890 878 2924 (ι
899 2859 1137 2931 structorium
1164 2889 1180 2924 »
1198 2858 1289 2930 illud
1307 2857 1406 2954 quod
1424 2885 1462 2931 se
1480 2859 1516 2929 in
1529 2885 1683 2957 gymna-

457 2982 512 3054 sio
532 2982 736 3081 repperisse
756 2982 854 3054 haud
875 2982 954 3054 sine
969 3009 1077 3056 causa
1094 2984 1135 3054 T.
1155 2982 1329 3054 Homolle
1345 2982 1544 3055 arbitratus
1556 2993 1630 3066 est,
1648 2995 1682 3054 et

457 3105 667 3204 Aesculapii
688 3106 809 3195 aedes,
837 3118 872 3180 et
900 3117 1041 3179 statuae
1074 3107 1255 3208 plurimae
1275 3106 1562 3205 imperatoribus
1581 3107 1682 3191 dedi-

456 3241 556 3301 catae
576 3231 600 3316 ¹,
621 3229 745 3303 omnia
765 3229 924 3328 denique
947 3230 1008 3302 illa
1028 3257 1140 3330 opera
1155 3257 1248 3339 quae
1265 3230 1560 3328 Amphictyones
1575 3257 1680 3330 pera-

454 3353 573 3450 genda
588 3352 832 3426 decreuerunt
845 3355 1013 3452 impensa
1031 3354 1214 3453 Apollinis
1233 3380 1299 3453 per
1318 3354 1552 3454 epimeletam
1574 3354 1680 3427 abso·

454 3477 530 3548 luta
549 3488 646 3550 sunt.
681 3481 803 3576 Atque
828 3478 911 3550 ideo
937 3478 1106 3578 delphica
1127 3479 1257 3551 ciuitas
1286 3478 1567 3577 perfrequenter
1595 3480 1678 3551 huic

454 3601 682 3699 magistratui
700 3602 821 3674 addita
835 3602 1000 3700 estquod
1016 3602 1173 3701 pecunia
1188 3630 1233 3674 ex
1251 3604 1321 3673 Dei
1334 3602 1516 3674 thesauris
1531 3615 1678 3701 erogata

454 3751 594 3797 sacram
615 3724 744 3798 urbem
765 3727 875 3799 simul
896 3736 932 3798 et
951 3727 1140 3799 decorauit
1159 3738 1196 3799 et
1211 3727 1358 3800 ditauit.

502 3849 652 3923 Talibus
680 3862 803 3922 autem
834 3850 945 3923 rebus
976 3851 1114 3922 diutius
1140 3851 1330 3922 immorari
1359 3877 1675 3950 superuacaneum

451 3986 561 4071 pu103
578 4001 664 4045 nam
685 3973 900 4073 epimeletae
919 3985 1137 4073 potestatem
1157 3975 1287 4047 aerarii
1307 3974 1580 4073 dispensatione
1601 4002 1674 4047 non

364 4183 366 4189 Ι
453 4098 685 4170 terminatam
707 4099 820 4170 fuisse
849 4099 955 4170 uobis
986 4098 1124 4171 indicio
1149 4110 1231 4171 sunt
1256 4099 1515 4197 inscriptiones
1542 4098 1676 4196 quibus

452 4247 537 4293 cum
555 4221 634 4293 eius
654 4223 761 4295 titulo
781 4223 948 4321 speciosa
972 4223 1094 4320 aliqua
1114 4223 1273 4320 dignitas
1301 4222 1397 4294 hand
1416 4249 1498 4294 raro
1537 4249 1675 4295 conexa

488 4428 512 4480 l.
534 4426 576 4480 Cl.
590 4426 666 4479 tituli
678 4425 757 4480 BCll
766 4426 825 4493 XX,
837 4445 885 4498 pp.
896 4427 1013 4480 llll-72¹*
1038 4427 1188 4498 descripti,
1199 4426 1455 4499 quibusadiciatur
1465 4426 1672 4481 documentum

451 4514 530 4569 BCH
542 4513 633 4567 xxtlt
651 4532 678 4585 p.
696 4516 756 4570 574.
