3700 5684
759 649 957 714 rnnsrnrr'o
1427 648 1466 718 ll

248 825 378 915 ectypa
397 843 470 888 non
492 816 651 916 amplius
666 817 867 891 sufficiunt.
891 817 1114 916 Priusquam
1129 819 1242 918 igitur
1262 821 1307 892 ad
1331 821 1473 920 lapides

248 940 347 1038 ipsos
364 951 543 1031 reuertar,
584 941 801 1040 complexus
819 967 901 1013 sum
936 942 1026 1039 quid
1050 943 1145 1015 certi·
1169 943 1392 1018 haberemus
1426 947 1472 1019 de

248 1062 468 1162 quibusdam
499 1065 714 1137 hominibus
745 1076 806 1138 aut
838 1065 1017 1139 institutis
1050 1067 1213 1166 quidque
1241 1070 1331 1141 noui
1350 1070 1472 1143 adfer-

246 1198 327 1259 rent
363 1187 458 1261 tituli
492 1215 652 1287 quorum
689 1189 927 1264 disiecturum
959 1190 1125 1264 membra
1151 1194 1349 1290 congerere
1379 1195 1471 1266 mihi

246 1310 372 1384 datum
387 1323 454 1385 est.
478 1313 724 1389 Paruulorum
750 1315 1042 1412 fragmentorum
1058 1326 1168 1388 restat
1193 1316 1314 1415 ampla
1340 1318 1474 1391 collec-

247 1437 296 1509 tio
311 1462 319 1511 :
339 1438 478 1510 utinam
493 1437 682 1536 contingat
697 1465 827 1512 uerum
838 1466 950 1538 quam
963 1439 1134 1539 plurimis
1152 1440 1315 1513 tribuere
1328 1441 1470 1515 locum!

246 1561 318 1635 Sed
333 1561 492 1661 parietes
511 1562 700 1661 delphicae
715 1563 829 1651 aedis,
852 1563 1041 1663 inquibus
1061 1565 1155 1637 sicut
1180 1565 1257 1638 dixi
1283 1576 1338 1638 tot
1363 1565 1475 1640 docu-

247 1698 371 1759 menta
386 1698 492 1760 erant
510 1686 639 1775 incisa,
660 1713 778 1786 paene
793 1688 959 1760 funditus
977 1689 1098 1761 euersi
1115 1701 1212 1762 sunt.
1225 1675 1348 1762 'Forte
1376 1701 1474 1764 extat

247 1838 343 1883 unus
362 1823 424 1884 aut
443 1812 534 1884 alter
557 1812 650 1910 lapis
669 1813 831 1909 integer3
854 1812 1073 1912 plerumque
1094 1813 1138 1885 de
1160 1813 1287 1887 multis
1301 1840 1473 1913 permag-
1511 1871 1518 1885 „

246 1937 377 2035 nisque
415 1937 513 2010 saxis
554 1937 743 2036 quadratis
777 1963 870 2036 quae
918 1937 1111 2009 meridiem
1143 1964 1272 2011 uersus
1306 1939 1475 2036 grauiore

246 2063 349 2161 lapsu
370 2060 585 2134 ceciderunt
601 2072 752 2161 propter
767 2061 1051 2134 fundamentum
1069 2063 1137 2134 hac
1161 2074 1263 2161 parte
1286 2045 1474 2136 derectum

248 2196 286 2259 et
309 2211 499 2285 praeceps,
529 2186 686 2259 frustula
721 2199 918 2286 supersunt
951 2185 1087 2284 quibus
1124 2186 1264 2285 aliquot
1299 2214 1475 2260 uersuum

249 2310 397 2382 initium
422 2320 485 2382 aut
513 2311 611 2400 finis,
653 2311 881 2408 frequentius
910 2310 1020 2421 etiam
1056 2311 1300 2410 paucissimae
1331 2312 1475 2385 litterae

249 2445 456 2509 asseruatae
487 2446 585 2509 sunt.
617 2435 674 2508 De
705 2434 830 2508 labore
857 2446 985 2508 nostro
1009 2437 1142 2509 melius
1169 2437 1323 2509 tortasse
1364 2463 1475 2534 quam

248 2560 293 2631 de
324 2560 458 2659 quouis
490 2559 563 2632 alio
599 2570 635 2632 et
674 2558 808 2632 nostris
852 2585 963 2657 quam
1012 2560 1202 2633 Plutarchi
1245 2560 1477 2659 temporibus

250 2695 459 2769 Heraclitea
474 2693 537 2766 illa
555 2692 668 2767 uerba
684 2692 893 2792 usurpanda
912 2703 1022 2766 sunt:
1047 2703 1064 2766 ὸ
1083 2686 1168 2776 ἄναξ
1191 2694 1230 2766 οὔ
1250 2697 1291 2767 τὸ
1315 2692 1477 2791 μαντεῖόν

249 2836 322 2903 ἐστι
341 2828 381 2903 τὸ
410 2835 446 2901 ἐν
469 2815 730 2927 Δελφοϊςῗξοῦτε
751 2823 848 2923 λέγει
867 2828 949 2899 οὔτε
976 2826 1135 2924 κρύπτει,
1167 2823 1265 2897 ἀλλὰ
1297 2824 1474 2923 σημαίνει,

253 2963 340 3034 dum
361 2961 454 3034 mihi
469 2960 578 3034 liceat
598 2958 732 3033 addere
753 2985 759 3031 :
783 2958 842 3030 καὶ
878 2962 918 3031 τὸ
948 2966 1047 3057 σῆμα
1070 2950 1196 3042 Λοξίου
1230 2952 1336 3042 ἄξιον.

299 3086 435 3160 Omnia
463 3086 576 3183 igitur
604 3083 790 3157 enucleari
822 3109 929 3182 posse
954 3109 1064 3155 nemo
1091 3093 1227 3183 sperat.
1252 3082 1348 3156 Satis
1377 3108 1476 3155 nuno

250 3212 401 3309 quidem
420 3209 566 3283 habebo
581 3209 613 3281 si
636 3210 794 3282 attulero
821 3235 914 3307 quae
939 3208 985 3280 ad
1017 3207 1165 3307 planius
1180 3205 1477 3305 cognoscendam

249 3347 406 3411 aetatem
430 3334 544 3407 animi
571 3333 790 3406 aduersione
811 3331 1068 3431 dignissimam
1100 3331 1205 3405 utilia
1231 3358 1309 3404 esse
1325 3331 1477 3405 uidean-

249 3470 322 3535 tur.
350 3459 614 3546 Quaestionem
637 3468 734 3531 certe
761 3443 953 3530 instituere
987 3456 1033 3528 de
1065 3457 1222 3555 Delphis
1251 3457 1374 3528 denuo
1407 3455 1476 3527 sub

250 3589 360 3660 linem
368 3585 502 3685 prioris
520 3582 656 3656 saeculi
668 3583 857 3680 magisque
873 3582 911 3654 in
928 3582 1050 3680 priore
1059 3580 1209 3653 alterius
1224 3592 1326 3678 parte
1344 3580 1478 3651 floren-

250 3711 349 3786 tibus
360 3722 396 3784 et
410 3703 1476 3809 speciminaaliquotcertissimapraebereperduohuiusce
1605 3750 1608 3755 -

251 3836 364 3910 libelli
384 3835 502 3934 capita
519 3832 723 3931 aggrediar.
749 3830 916 3914 Quorum
937 3853 1120 3900 summam
1148 3828 1271 3899 statim
1305 3826 1476 3899 inuenias

250 3988 273 4034 o
300 3971 406 4034 ortet.

273 3988 427 4158 pPriore
454 4083 572 4182 capite
596 4082 640 4153 de
658 4079 882 4179 quibusdam
895 4076 1055 4178 publicis
1076 4076 1307 4174 Delphorum
1330 4075 1478 4147 institu-

251 4209 297 4281 tis
314 4209 435 4307 agitur
454 4219 491 4280 et
506 4208 551 4279 de
563 4205 837 4304 magistratibus
854 4201 1044 4275 nonnullis
1058 4227 1217 4301 quorum
1235 4212 1379 4300 tempus
1398 4226 1478 4273 cer·

252 4333 345 4407 tiore
367 4333 478 4406 modo
495 4332 640 4404 deliniri
657 4341 789 4431 potest.
