3700 5684
525 1343 744 1425 CAPVT
794 1344 1115 1429 ALTERVM

225 1900 286 1964 DE
329 1895 668 1965 IMPERATORVM
713 1898 1013 1965 ROMANORVM
1048 1899 1146 1965 CVM
1186 1898 1398 1965 Ctv1TATE

369 2014 604 2080 DELPHlCA
641 2014 965 2081 EPISTVLARVM
1003 2014 1277 2081 COMMERCIO

253 2281 444 2355 Materiam
462 2281 523 2353 hic
536 2282 690 2354 tentari¹
710 2307 827 2381 paene
846 2282 1092 2380 periculosam
1106 2280 1180 2353 iam
1207 2280 1429 2378 significem,

204 2433 291 2479 mox
306 2432 396 2478 uero
412 2405 557 2504 planius
573 2405 786 2504 experieris.
804 2406 1056 2504 Epistularum
1076 2406 1176 2478 enim
1196 2405 1430 2504 potissimum

151 2628 155 2635 .
204 2531 251 2604 ab
273 2529 560 2630 imperatoribus
581 2529 627 2602 ad
649 2530 816 2631 Delphos
838 2531 1035 2602 missarum
1054 2556 1148 2629 quae
1168 2530 1206 2601 in
1229 2529 1433 2629 parietibus
1467 2536 1469 2539 ’

203 2655 303 2727 aedis
318 2655 456 2727 incisae
474 2666 638 2727 erantne
655 2680 728 2726 una
743 2653 894 2752 quidem
915 2664 1124 2726 asseruatur
1140 2654 1295 2752 integra.
1315 2654 1433 2726 Multa

202 2778 354 2877 quidem
370 2779 574 2878 fragmenta
587 2803 697 2851 sensu
714 2803 815 2851 cassa
830 2803 924 2875 quae
937 2778 987 2850 ita
1006 2788 1286 2876 componerent
1302 2803 1432 2849 uersus

191 2888 339 3001 aliquot
360 2903 518 2975 restituti
538 2903 844 2975 continuarentur
865 2900 945 2973 solo
964 2913 1183 3001 ectyporum
1203 2902 1341 2974 auxilio
1355 2927 1429 2975 uon

199 3028 304 3128 potui
316 3053 414 3100 nunc
429 3027 537 3099 edere
550 3052 709 3125 nequeo.
725 3025 797 3099 Sed
810 3025 856 3097 de
873 3026 926 3098 eis
940 3026 1050 3098 etiam
1064 3051 1158 3124 quae
1173 3024 1270 3098 dabo
1282 3026 1430 3098 ueniam

200 3163 325 3251 petere
354 3177 504 3223 necesse
532 3150 665 3223 babeo.
699 3150 793 3221 Nam
821 3149 951 3221 mutila
978 3149 1152 3249 supplere
1181 3175 1293 3247 quam
1322 3172 1431 3249 saepe
1469 3213 1472 3217 ,

198 3286 351 3348 conatus
371 3276 440 3347 sim
464 3300 538 3346 non
560 3274 746 3373 professus
768 3275 884 3346 multa
904 3273 1146 3347 transcribam
1165 3300 1296 3348 manca
1321 3285 1431 3372 atque

198 3399 426 3498 imperfecta.
454 3396 658 3497 Oportebat
686 3406 808 3469 tamen
835 3422 948 3494 quam
971 3396 1149 3469 citissime
1178 3422 1325 3495 possem
1348 3398 1429 3468 lon-

196 3523 324 3621 ginqui
344 3523 556 3620 assiduique
577 3521 675 3593 illius
692 3522 933 3619 epistularum
954 3521 1168 3594 commercii
1191 3520 1296 3618 quasi
1321 3546 1429 3593 cons-

199 3661 349 3745 peotum
397 3646 625 3746 praeberem.
673 3646 858 3718 Nonnulla
894 3646 1005 3717 etiam
1042 3644 1156 3718 uerba
1198 3645 1294 3717 scitu·
1331 3645 1437 3717 haud·

198 3770 363 3870 indigna,
381 3783 421 3842 ut
439 3797 533 3869 quae
550 3796 569 3842 a
587 3769 745 3842 Traiano
759 3768 1022 3867 Hadrianoque
1036 3769 1171 3843 dictata
1186 3769 1272 3856 sint,
1287 3794 1429 3841 nouum

198 3894 373 3993 quiddam
393 3907 430 3967 et
448 3894 632 3994 peculiare
655 3893 824 3966 redolent
837 3920 914 3992 quo
934 3893 1075 3993 proprii
1095 3893 1285 3991 utriusque
1306 3918 1428 3965 mores
1532 3955 1534 3959 .

196 4017 358 4116 penitius
373 4019 689 4117 introspiciantur.
706 4018 878 4116 Denique
893 4030 930 4090 et
943 4018 1014 4090 uiri
1029 4017 1127 4090 docti
1148 4017 1194 4090 de
1213 4015 1428 4115 fragmentis

230 4278 254 4329 l.
275 4277 403 4348 Tempus
413 4276 551 4330 laudandi
568 4277 660 4330 libelli
674 4294 733 4331 non
746 4278 949 4348 praetermitto
961 4276 1059 4346 quob.
1074 4274 1279 4329 Lasoscadede
1294 4274 1427 4346 epistulis

195 4368 282 4437 impp.
298 4366 578 4436 maqistratuumque
593 4366 666 4419 rom.
677 4366 803 4435 ⁴Parisiis
826 4367 894 4418 1902
907 4365 1134 4436 diligentissime
1149 4363 1288 4418 disseruit
1312 4382 1319 4419 :
1336 4381 1428 4435 quan·

198 4472 283 4525 quam
299 4471 346 4507 res
361 4454 518 4508 admodum
534 4455 651 4508 diuersa
665 4454 725 4507 illic
740 4458 890 4508 tractatur.
