3700 5684
575 569 619 615 nr:
646 568 901 615 monstrorum
930 569 1107 617 uiusrvms
1406 545 1453 616 69

274 720 345 793 Hic
361 746 508 819 quoque
523 719 779 793 desiderantur
797 722 908 794 multa
919 747 1041 821 neque
1053 720 1089 793 iu
1103 733 1280 820 quantum
1294 722 1455 821 patuerit

227 844 372 917 sinistra
407 844 503 917 tituli
532 871 617 943 pars
644 846 751 918 facile
778 844 893 918 dicas.
925 845 1124 919 Probabile
1157 847 1286 918 saltem
1315 845 1455 918 faciunt

224 969 336 1042 uerba
352 996 389 1042 u.
412 971 433 1039 6
459 971 525 1041 ὑπὸ
549 996 613 1042 σου
633 970 775 1042 iussum
794 970 894 1068 quod
914 970 1117 1069 imperator
1137 996 1281 1069 procos.
1304 969 1452 1042 mauda-

223 1103 326 1166 uerat
345 1094 383 1165 in
402 1094 474 1166 fine
494 1094 755 1194 transcriptum
772 1094 905 1183 luisse;
929 1095 993 1166 sed
1012 1096 1084 1168 boc
1099 1076 1286 1191 Megalino
1304 1120 1475 1192 quoque.

221 1217 292 1290 dici
322 1217 456 1317 potuit,
480 1218 579 1316 quod
608 1219 637 1291 si
661 1219 846 1319 acceperis
867 1246 904 1294 u.
931 1221 951 1290 'l
981 1208 1298 1318 Ἀμφικτυονικοὺς
1324 1217 1453 1316 νόμους

220 1344 340 1441 legere
367 1368 517 1415 necesse
537 1342 617 1416 erit.
646 1344 723 1416 Nec
745 1346 851 1443 plura
875 1343 1046 1444 supplere
1062 1369 1160 1415 nunc
1186 1330 1353 1431 tentabo;
1376 1342 1450 1413 ani·

221 1467 431 1541 maduertas
453 1478 576 1540 autem
604 1494 741 1566 quaeso
763 1495 857 1567 quae
876 1480 998 1567 partes
1018 1466 1156 1541 fuerint
1180 1467 1397 1566 epimeletae
1412 1466 1450 1536 in

222 1590 369 1691 Pythiis
385 1591 629 1666 celebrandis

268 1796 324 1868 De
339 1796 469 1869 statuis
485 1822 580 1895 quae
600 1796 691 1896 imp.
713 1797 876 1869 Timauo
896 1796 1038 1870 dicatae
1054 1807 1152 1885 sunt,
1171 1797 1218 1869 cf.
1237 1821 1331 1894 quae
1347 1822 1384 1894 p.
1403 1796 1445 1866 61

220 1920 309 1992 dixi.

268 2046 508 2118 lnteromnes
520 2046 697 2144 epistulas
713 2071 807 2144 quae
823 2045 868 2117 de
884 2045 1148 2118 controuersiis
1166 2044 1296 2117 linium
1316 2044 1448 2117 missae

220 2181 317 2262 sunt,
344 2161 699 2270 plurimaenlraiaini
725 2171 950 2270 principatui
972 2170 1189 2243 tribuendae
1218 2178 1316 2242 sunt.
1342 2170 1449 2242 Nunc

219 2321 321 2381 uero,
342 2321 426 2367 cum
452 2295 673 2393 paucissima
690 2295 846 2367 babeam
866 2321 960 2393 quae
979 2295 1114 2367 tabulis
1133 2321 1153 2367 a
1169 2294 1215 2367 G.
1231 2293 1341 2367 Colin
1360 2293 1450 2366 deli-

218 2420 336 2492 neatis
356 2420 365 2465 ¹
383 2409 553 2509 adiciam,
575 2419 666 2523 nihil
684 2445 797 2518 quam
816 2445 946 2518 parum
967 2418 1090 2491 dicere
1109 2419 1223 2491 satius
1240 2430 1294 2491 est
1310 2442 1317 2492 :
1336 2418 1449 2491 docu-

217 2559 344 2616 menta
360 2544 476 2642 'igitur
495 2543 656 2617 maxime
677 2542 790 2641 digna
806 2570 901 2642 quae
917 2544 1086 2631 seorsim,
1104 2543 1213 2615 nouis
1231 2542 1448 2639 fragmentis

218 2667 409 2756 adhibitis,
439 2677 641 2741 tractentur
653 2666 706 2747 ¹ad
734 2679 880 2768 tempus
901 2668 1020 2765 magis
1043 2680 1169 2769 aptum
1193 2666 1338 2740 differo.
1365 2666 1448 2739 Hoc

217 2802 358 2866 tantum
375 2793 544 2865 conicere
558 2790 666 2865 liceat
683 2803 820 2868 statuas
837 2818 931 2890 quae
948 2792 1136 2865 nonnullis
1151 2791 1301 2864 alterius
1311 2790 1447 2864 saeculi

217 2916 503 3016 imperatoribus
522 2928 558 2989 et
574 2917 758 3016 imprimis
777 2917 934 2989 Traiano
953 2916 1150 3014 Ambryssi
1167 2916 1308 3015 positae
1328 2917 1446 2987 sunt2

218 3067 291 3114 non
312 3041 392 3114 sine
415 3067 525 3114 causa
546 3040 592 3114 ad
611 3067 783 3139 agrorum
805 3040 1152 3113 determinationem
1171 3040 1302 3112 referri
1322 3065 1442 3140 possc.

265 3164 360 3239 Ecce
380 3177 503 3238 autem
523 3165 637 3239 habes
651 3142 747 3239 'duas
762 3165 939 3264 epistulas
956 3191 1047 3263 quas
1066 3164 1112 3237 ab
1127 3165 1209 3263 ipso
1222 3164 1445 3265 imperatore

217 3290 318 3364 datas
335 3316 414 3363 esse
434 3291 498 3362 uix
515 3290 702 3365 dubitabis
721 3294 748 3365 ³.

251 3615 277 3669 l.
297 3612 376 3665 BCH
388 3611 491 3666 xxvll
509 3611 568 3667 tab.
585 3611 665 3666 l-lll.

250 3704 277 3755 2.
298 3701 338 3755 lG
352 3700 389 3755 lX
410 3703 453 3755 17,
940 3741 943 3745 .

251 3792 276 3845 3.
299 3790 363 3846 ΝΝ.
380 3790 431 3843 113
454 3789 638 3861 (iampridem
656 3790 768 3843 editum
785 3790 908 3843 Hermae
927 3788 994 3842 Vlll
1011 3807 1039 3861 p.
1061 3789 1232 3860 llo),1567‚
1255 3788 1335 3853 3954,
1361 3788 1441 3842 ³800.

215 3879 358 3943 Quattuor
376 3880 449 3933 haec
464 3885 533 3933 suut
553 3879 658 3951 fragm.
679 3878 787 3950 lapidis
804 3879 921 3932 calcarii
942 3879 1046 3949 quiex
1068 3878 1169 3949 templi
1189 3894 1271 3930 muro
1289 3876 1440 3929 meridiem

217 3985 320 4022 uersus
332 3968 448 4023 cecidit.
532 4038 537 4048 .
939 3954 942 3963 ⁴
1055 3963 1059 3971 ’
