3700 5684
399 644 446 715 76
749 671 793 716 un
820 671 1075 718 inauraronvu
1102 669 1279 718 nrrsrvns

374 846 376 851 ’
400 821 625 912 Hadrianus,
646 823 835 895 sedetiam
861 823 1045 923 promittit
1059 848 1097 895 se
1118 822 1406 895 diiudicaturum
1429 848 1508 895 esse
1539 849 1623 895 cum

400 945 568 1045 Delphos
591 947 748 1019 uenerit.
775 947 859 1020 Alia
883 973 1031 1046 quoque
1064 957 1121 1019 est
1151 946 1331 1044 quaedam
1356 944 1550 1020 difficultas
1579 947 1625 1019 de

399 1061 531 1134 Cirrha
551 1071 660 1160 portu
679 1072 763 1134 nata
784 1089 922 1161 :quare
939 1089 1074 1135 nomen
1089 1060 1307 1136 Aetolorum
1327 1086 1364 1134 u.
1393 1063 1436 1134 to
1465 1062 1626 1135 redinte-

399 1211 504 1283 grare
532 1211 606 1257 non
636 1184 816 1273 dubitaui,
844 1186 907 1285 qui
938 1188 1127 1285 Naupacto
1154 1185 1310 1285 profecti
1335 1186 1423 1259 litus
1441 1212 1559 1285 usque
1579 1185 1624 1259 ad

399 1310 569 1383 Cirrham
606 1310 727 1408 legere
758 1336 939 1410 agrosque
974 1312 1053 1383 Deo
1091 1310 1231 1383 dicatos
1262 1310 1382 1384 colere
1410 1321 1622 1410 potuerunt.

400 1434 471 1506 Hic
500 1434 671 1507 laudatur
697 1434 806 1507 diuus
833 1436 1085 1534 Vespasianus
1113 1435 1173 1507 cui
1205 1434 1340 1533 Delphi
1361 1433 1556 1533 pecuniam
1587 1446 1627 1507 ut

398 1558 547 1658 praedia
571 1559 643 1631 Dei
665 1560 802 1632 intacta
830 1571 1022 1633 seruarent
1039 1558 1217 1632 dederant
1238 1560 1261 1629 ¹.
1285 1559 1424 1631 Eorum
1451 1558 1624 1631 iuratam

400 1683 525 1755 multis
542 1683 721 1782 impensis
735 1694 861 1783 parata
886 1683 982 1756 tueri
1004 1684 1084 1755 uult
1103 1682 1327 1772 Hadrianus,
1352 1682 1555 1755 dummodo
1580 1683 1626 1755 de

399 1797 572 1871 omnibus
583 1799 655 1871 illis
666 1798 778 1872 rebus
794 1800 893 1897 leges
909 1798 955 1871 ab
974 1797 1311 1897 Amphictyonibus
1329 1799 1420 1871 latas
1434 1824 1625 1872 recensere

397 1923 570 2021 potuerit.
588 1924 717 2022 Itaque
738 1966 786 1977 -
803 1924 833 1995 si
846 1949 976 1996 reuera
993 1923 1091 1995 inter
1105 1948 1143 1995 se
1161 1921 1426 2020 contingebant
1447 1922 1626 1995 inferiora

400 2046 498 2118 tituli
515 2048 721 2145 fragmenta
734 2047 1048 2147 quomadmodum
1064 2073 1106 2119 ea
1122 2047 1253 2145 collegi
1265 2074 1342 2119 -a
1360 2046 1515 2120 Claudio
1535 2073 1626 2146 quo-

401 2170 485 2243 dam
519 2171 727 2244 Timocrate
759 2172 823 2268 qui
863 2169 1075 2270 συναγωγήν
1102 2171 1249 2243 illorum
1281 2171 1512 2244 decretorum
1551 2197 1625 2243 non

400 2286 480 2359 sine
498 2287 668 2359 acumine
684 2298 726 2359 ut
741 2286 891 2359 uidetur
908 2298 1179 2385 composuerat,
1201 2298 1326 2359 uetera
1341 2287 1561 2359 documenta
1582 2287 1626 2358 ad

399 2437 439 2484 se
450 2411 546 2484 mitti
563 2410 679 2483 iubet.
703 2411 762 2499 Et,
784 2411 885 2510 quod
907 2410 1032 2508 magni
1054 2412 1233 2483 momenti
1265 2410 1373 2483 nobis
1396 2422 1463 2501 est,
1486 2410 1626 2483 ultimis

400 2535 525 2608 uerbis
544 2545 677 2607 statum
696 2535 986 2635 amphictyonici
1006 2535 1156 2608 concilii
1174 2534 1221 2607 ab
1231 2535 1320 2608 diuo
1336 2536 1504 2633 Augusto
1524 2561 1626 2608 com-

400 2670 580 2732 mutatum
599 2660 748 2759 respicit
760 2660 988 2759 denuoquea
1004 2686 1042 2732 se
1058 2659 1344 2732 examinandum
1362 2658 1533 2733 declarat.
1557 2659 1626 2732 His

398 2785 559 2885 primum
578 2785 843 2858 confirmantur
863 2811 958 2884 quae
980 2784 1181 2857 Pausanias
1201 2784 1245 2856 de
1266 2785 1451 2883 suffragiis
1474 2783 1626 2856 Aetolo-

398 2934 480 2981 rum
500 2910 601 3008 genti
612 2909 783 2982 detractis
800 2908 1142 3008 Nicopolitanisque
1156 2908 1342 2988 concessis
1352 2908 1442 2981 dicit
1459 2910 1485 2981 ².
1502 2910 1626 3007 Appa-

396 3042 527 3131 rctque
548 3034 641 3106 hanc
660 3033 778 3132 ipsam
800 3033 1001 3133 epistulam
1023 3032 1231 3106 necessario
1256 3042 1339 3105 ante
1365 3033 1517 3105 alteram
1538 3031 1626 3104 scri·
1690 3026 1692 3029 ’

402 3168 501 3256 ptam
523 3183 602 3230 esse
629 3184 702 3256 qua
728 3184 760 3230 a.
792 3158 861 3229 125
885 3183 990 3230 suam
1014 3157 1060 3229 de
1090 3157 1381 3256 Amphictyonia
1405 3155 1624 3229 sententiam

400 3305 484 3353 cum
503 3279 659 3378 Delphis
680 3280 955 3353 communicare
977 3280 1165 3352 Hadriano
1185 3280 1335 3379 placuit.

450 3403 672 3502 Priusquam
702 3430 791 3477 uero
815 3430 910 3507 quae
933 3403 978 3476 de
1003 3403 1065 3476 illa
1088 3415 1247 3477 aetatem
1276 3404 1429 3477 tulerint
1455 3402 1627 3476 transcri-

400 3519 500 3609 bam,
518 3531 663 3618 oportet
690 3546 757 3619 per
777 3519 1019 3593 frustulorum
1043 3519 1319 3593 multitudinem
1343 3545 1519 3618 quaeram
1534 3542 1625 3590 num

402 3644 550 3717 initium
586 3644 697 3716 huius
724 3669 835 3743 quam
862 3644 974 3717 modo
1005 3644 1182 3742 exscripsi
1222 3643 1435 3717 habeamus.
1467 3644 1523 3715 En
1552 3654 1627 3715 tra-

308 3758 313 3765 ’
402 3769 539 3842 duntur
559 3769 655 3842 tituli
675 3768 867 3843 cuiusdam
884 3768 994 3867 pauci
1014 3794 1144 3842 uersus
1164 3772 1176 3813 ³
1194 3769 1259 3866 qui
1276 3768 1431 3841 forsitan
1453 3794 1518 3841 sex
1532 3769 1628 3867 frag-

403 3894 538 3968 mentis
556 3920 667 3993 supra
678 3893 787 3967 dictis
806 3894 1042 3967 continuatus
1061 3893 1184 3967 fuerit.

440 4280 466 4333 l.
485 4277 522 4331 V.
533 4280 568 4333 20
582 4278 707 4333 fortusse
721 4278 798 4349 [ὥστε
812 4283 858 4332 τοῦ
868 4277 981 4350 hortique
993 4278 1095 4330 καὶτῶν
1106 4281 1224 4349 νομῶν...

457 4407 464 4422 .
534 4366 560 4422 8.

437 4369 464 4511 l.
484 4366 637 4524 lllllffll,
653 4456 731 4510 ³609.
