3700 5684
408 671 454 745 20
777 668 785 673 ’
853 699 897 744 nr
924 694 1185 745 sacsnnormvs

405 862 469 923 aut
485 851 752 923 lobacchorum
772 850 838 961 filii
856 851 919 949 qui
939 862 1041 949 patre
1062 852 1256 949 superstite
1277 850 1306 921 si
1322 849 1487 921 nondum
1506 849 1634 922 lobac-

405 976 465 1047 chi
485 986 521 1047 at
535 975 843 1047 caerimoniarum
862 975 1060 1074 participes
1080 985 1181 1046 eraut
1205 977 1229 1045 ¹.

454 1099 527 1172 Sed
551 1099 707 1198 Delphis
736 1100 976 1172 uernaculum
1009 1126 1160 1198 prorsus
1189 1125 1358 1198 saporem
1385 1098 1475 1170 illud
1506 1098 1629 1171 habet.

407 1224 624 1295 Memoriam
646 1224 744 1296 enim
761 1225 854 1295 acris
869 1224 1147 1309 adulescentuli,
1166 1250 1276 1321 quem
1293 1224 1331 1294 in
1352 1222 1488 1321 templo
1507 1222 1633 1321 Pythii

406 1347 536 1418 humili
561 1348 778 1421 condicione
804 1348 998 1421 educatum
1026 1347 1244 1419 nobilitabat
1270 1346 1468 1445 Euripidea
1491 1346 1629 1434 fabula,

406 1472 485 1543 fieri
505 1499 578 1543 non
599 1482 721 1569 potest
735 1473 825 1571 quin
848 1483 998 1544 reuocet
1012 1499 1092 1544 sera
1109 1464 1424 1543 lonis'hereditas.
1444 1471 1630 1543 Nimirum

405 1623 449 1668 ex
465 1596 657 1668 notissima
671 1598 1004 1696 eximie'popularis
1014 1608 1143 1696 poetae
1154 1595 1343 1692 tragoedia
1355 1621 1465 1694 quam
1482 1606 1633 1694 propter

404 1719 529 1792 omnia
551 1720 741 1819 delphicae
762 1721 990 1818 antiquitatis
1007 1747 1100 1818 quae
1123 1720 1288 1792 continet
1306 1719 1527 1791 documenta
1544 1745 1630 1818 prae

405 1845 536 1916 ceteris
563 1844 637 1917 illic
663 1845 831 1917 dilectam
861 1846 972 1917 fuisse
994 1843 1184 1944 probabile
1209 1854 1275 1932 est,
1299 1821 1498 1941 imaginem
1519 1869 1630 1941 quam

403 1967 627 2040 simillimam
656 1971 863 2068 exprimere
883 1970 1006 2042 conati
1026 1980 1112 2040 sunt
1127 1967 1290 2040 Babbius
1310 1968 1493 2039 Maximus
1514 1970 1631 2038 Aure·

401 2092 547 2189 liusque
568 2093 764 2190 Polyzelus
783 2093 909 2181 etalii,
932 2093 1084 2191 ingenui
1098 2092 1262 2189 quidem,
1283 2091 1347 2163 sed
1362 2091 1407 2162 ab
1425 2090 1630 2163 incunabu-

402 2215 447 2287 lis
466 2206 515 2287 ²ut
537 2217 603 2287 Ion
631 2216 711 2289 Deo
734 2217 870 2289 deuoti.
901 2215 1224 2301 Quemadmodum
1249 2215 1310 2287 ille
1331 2216 1493 2314 proprie,
1518 2215 1569 2287 sic
1591 2215 1629 2286 hi

402 2336 631 2437 συμβολικῶς
649 2341 844 2439 Apollonis
866 2342 1007 2413 alumni
1033 2343 1181 2412 fuerunt
1197 2343 1228 2427 '²3
1257 2340 1352 2411 sicut
1373 2340 1434 2410 ille
1455 2340 1500 2411 ad
1517 2340 1629 2410 Athe-

401 2464 586 2535 niensium
612 2491 779 2561 regnum,
799 2466 848 2538 ita
871 2467 909 2537 hi
927 2467 973 2538 ad
994 2466 1178 2550 buleutae,
1207 2465 1405 2550 archontis,
1429 2464 1628 2535 sacerdotis

401 2613 536 2659 munus
562 2614 731 2678 euasere;
758 2601 866 2690 atque
901 2591 1012 2663 etiam
1046 2589 1249 2661 Maximum
1283 2588 1371 2659 dum
1403 2589 1540 2659 archon
1574 2596 1629 2659 est

401 2711 561 2783 officium
583 2738 689 2784 suum
708 2708 957 2809 βασιλεύοντος
977 2714 1081 2786 titulo
1099 2714 1212 2785 semel
1224 2712 1414 2807 decorasse
1429 2738 1502 2783 non
1517 2712 1628 2783 mira-

401 2827 536 2908 bimur.

450 2960 554 3032 Illius
580 2963 758 3060 temporis
786 2964 969 3048 homines,
996 2974 1034 3034 ut
1066 2963 1130 3060 qui
1162 2962 1357 3060 praeterita
1387 2961 1624 3057 respicerent,

401 3083 515 3155 uitam
537 3098 698 3157 nontam
713 3113 816 3159 suam
836 3114 947 3184 quam
964 3087 1120 3158 alienam
1140 3098 1176 3157 ct
1190 3113 1276 3156 uere
1301 3086 1472 3157 ficticiam
1493 3084 1626 3181 degere

399 3207 610 3306 cupiebant.
634 3210 883 3292 Quamobrem
910 3212 1038 3309 procul
1061 3209 1173 3282 dubio
1195 3220 1249 3281 est
1273 3209 1500 3281 Nicandrum
1521 3207 1625 3279 illum

399 3366 510 3438 quem
531 3341 750 3415 Plutarchus
769 3348 782 3389 ³
803 3344 924 3415 minus
945 3354 1112 3416 accurate
1127 3341 1309 3441 προρήπην
1329 3352 1448 3419 uocat.
1467 3340 1625 3412 eundem

399 3464 510 3536 fuisse
536 3474 643 3563 atque
669 3468 894 3540 sacerdotem
916 3467 997 3538 Tib.
1023 3467 1219 3540 Claudium
1242 3465 1469 3537 Nicandrum
1494 3490 1501 3535 :
1526 3462 1624 3563 quod

398 3588 473 3659 iam
498 3589 641 3687 pridem
665 3594 693 3663 l.
719 3593 887 3664 Pomtow
907 3593 1088 3689 sagaciter
1108 3591 1267 3663 coniecit
1284 3592 1308 3662 4.
1327 3591 1372 3662 Et
1392 3591 1462 3660 hoc
1477 3614 1622 3686 quoque

435 3768 460 3819 l.
480 3768 585 3822 Athen.
600 3769 712 3824 Mitteil.
730 3771 793 3823 xlx
806 3788 853 3841 pp.
866 3772 917 3823 249
929 3788 1006 3841 sqq,
1024 3789 1051 3823 u.
1072 3770 1119 3833 54;
1141 3769 1178 3822 ct.
1200 3769 1415 3838 Dittenberger,
1436 3766 1510 3833 Syll.
1532 3767 1623 3820 Inscr.

399 3856 451 3909 Gr.
472 3856 534 3921 737,
550 3857 617 3912 adn.
635 3859 679 3913 37.

432 3944 458 3995 2.
481 3942 522 3997 Ita
539 3944 670 4000 m'edicus
684 3946 845 4020 ἰατρόμαντις
857 3954 915 4009 παῖς
930 3947 1096 4007 ’Λπόλλωνος
1107 3948 1144 3999 ab
1162 3946 1305 4014 Aeschylo
1321 3945 1428 3997 dicitur
1440 3945 1544 4013 Suppl.
1560 3944 1622 4009 ²263,

397 4030 451 4084 sed
477 4035 559 4103 quasi
583 4038 691 4090 artiore
716 4038 833 4091 uinculo
858 4038 941 4108 pueri
965 4036 1060 4106 Pythii
1085 4054 1149 4088 cum
1174 4037 1234 4087 Deo
1253 4034 1491 4087 conectebantur.
1521 4033 1622 4102 Neque

397 4136 504 4173 nomeu
518 4123 590 4176 illud
605 4124 640 4178 ad
654 4128 820 4196 exemplum
835 4126 1028 4178 Romanarum
1045 4125 1117 4194 ἱερῶν
1129 4126 1267 4193 παρθένων,
1280 4123 1298 4175 i.
1316 4140 1341 4175 e.
1356 4123 1501 4192 uirginum
1517 4122 1622 4173 Vesta-

396 4207 466 4260 lium
482 4210 533 4277 (IG
550 4212 587 4265 lll
600 4214 730 4280 Bit-877}
744 4216 781 4268 ab
794 4215 912 4285 Delphis
929 4215 1027 4267 fictum
1042 4230 1108 4265 csse
1124 4211 1194 4263 mihi
1211 4211 1388 4281 persuadere
1400 4228 1530 4281 possum.

437 4305 463 4357 3.
485 4301 526 4353 De
538 4302 596 4371 def.
613 4322 702 4370 orac„
719 4306 762 4369 51,
778 4322 806 4374 p.
824 4305 874 4355 438
891 4303 913 4355 Β
930 4319 936 4356 :
953 4302 995 4356 τὸν
1011 4302 1140 4371 προφήτην
1156 4299 1310 4369 Νίκανδρον.

431 4392 458 4445 4.
478 4393 556 4445 Neue
577 4392 680 4445 Jahrb.
702 4394 769 4445 1889
790 4411 817 4463 p.
839 4393 905 4456 otim
933 4390 1041 4444 Philol.
1066 4388 1127 4441 Lll'
1144 4407 1171 4459 p.
1193 4389 1253 4453 597,
1276 4388 1347 4442 adn.
1374 4390 1430 4441 ts:
1456 4403 1621 4457 quanquam

396 4481 493 4553 paullo
508 4480 593 4533 aliter
603 4482 725 4534 uerbum
747 4482 954 4552 interpretatus
972 4478 1150 4531 Nicandrum
1165 4495 1221 4530 non
1239 4477 1335 4530 miuus
1356 4478 1471 4547 proprio
1492 4476 1620 4545 προφήτην

396 4587 482 4642 quam
497 4569 678 4623 sacerdotem
695 4570 753 4623 diei
770 4571 901 4642 potuisse
912 4573 1022 4621 censet.
