3700 5684
587 674 633 722 DE
658 673 912 721 IMPERATORVM
939 672 1115 721 Ertsrvlls

255 844 257 851 '
348 829 578 918 [Alltcapr'ztup
597 830 728 916 Καῖσαρ,
749 837 816 896 tect
832 828 1011 915 'liparlzrot
1029 826 1196 913 llapltrlaot
1214 826 1305 913 uta;,]

370 955 437 1013 θεοῦ
456 947 578 1032 Napata
595 950 711 1025 νὶωνὸς,
731 943 910 1031 Τραι[α]ν“ος
933 942 1090 1030 Ἁδριανὸς
1113 942 1304 1029 [Sarnaca]

369 1061 527 1148 ἀρχιερεὺς
547 1071 698 1147 μέγιστος,
718 1059 937 1147 δη[μαρ]χικῆς
956 1058 1103 1145 &coctast
1119 1068 1151 1126 τὸ
1202 1111 1208 1125 .
1262 1057 1285 1145 ,l

349 1176 488 1263 [iliram
506 1187 538 1244 ab
556 1174 603 1263 γ’»,
623 1178 749 1263 Δελφῶν
766 1175 818 1263 :lat
836 1174 935 1262 πὲλει]
952 1182 1079 1262 χαίρειν.

348 1292 455 1379 [llspll
474 1303 527 1376 μὲν
546 1286 586 1359 ὧν
602 1302 677 1379 πρὸς
692 1297 761 1370 τοὺς
784 1289 1032 1379 Ἀ[μφιιιτύον]ας
1052 1289 1091 1358 δι’
1110 1290 1202 1377 Huic
1222 1289 1353 1375 ἔγραψα]

351 1407 413 1495 [καὶ
430 1408 528 1494 illustr
547 1406 586 1475 δι’
605 1413 707 1474 ἀλλων
725 1410 924 1493 γφρνιμμίιτων
934 1457 1075 1472 .......

350 1523 376 1610 l·
392 1576 399 1588 ·
420 1534 495 1610 πρὸς
511 1523 602 1610 llais
620 1522 783 1610 astralia?
788 1573 884 1590 ·····

285 1690 508 1763 Litterarum
527 1689 678 1789 quidem
701 1687 894 1761 altitudine
906 1700 944 1761 et
962 1690 1081 1761 forma
1106 1715 1180 1760 non
1198 1688 1317 1761 aliena
1335 1688 1467 1761 uiden-

238 1827 299 1887 tur
316 1840 395 1887 esse
415 1815 506 1886 haec
525 1815 730 1910 fragmenta
749 1840 770 1886 a
788 1813 934 1886 ceteris.
956 1813 1268 1895 Sedulomittam
1282 1813 1467 1912 permulta

238 1940 385 2038 quoque
406 1936 475 2011 alia
504 1935 707 2011 abeodem
732 1930 966 2036 quadratario
995 1936 1126 2009 eodem
1152 1930 1277 2009 lerme'
1297 1948 1464 2036 tempore

238 2063 384 2135 exarata
412 2088 504 2149 esse,
537 2061 677 2134 dudum
705 2088 922 2161 persuasum
949 2059 1062 2133 habui
1096 2059 1243 2132 duobus
1270 2060 1345 2134 illis
1367 2048 1465 2159 frag-

238 2186 373 2259 mentis
399 2186 547 2259 initium
571 2184 721 2259 alterius
752 2185 966 2260 documenti
992 2185 1174 2257 asseruari
1200 2185 1306 2257 cuius
1335 2209 1466 2259 uersus

238 2311 361 2409 paullo
397 2310 521 2382 minus
554 2310 653 2407 longi
684 2321 789 2383 erant
825 2335 937 2409 quam
975 2335 1105 2381 uersus
1139 2309 1317 2409 epistulae
1355 2335 1465 2409 supra

238 2434 491 2533 transcriptae.
514 2434 621 2507 Adde
636 2434 736 2532 quod
750 2432 895 2507 'certum
915 2430 1061 2533 tempus
1078 2433 1232 2506 definire
1253 2460 1327 2507 non
1338 2460 1466 2534 possu-

238 2585 320 2630 mus
335 2559 421 2657 quia
436 2558 608 2658 quotiens
624 2557 820 2631 tribunicia
832 2568 1011 2657 potestate
1025 2557 1237 2631 Hadrianus
1251 2558 1408 2631 donatus
1419 2560 1465 2630 sit

237 2672 438 2773 imperator
457 2673 657 2746 nescimus.
677 2672 811 2772 Liquet
822 2684 945 2747 autem
961 2699 1006 2745 ex
1026 2700 1063 2746 u.
1091 2674 1127 2761 5,
1146 2700 1231 2745 nam
1254 2672 1330 2746 illic
1358 2674 1463 2747 resti-

238 2806 330 2878 tutio
349 2797 611 2908 Ἀμφικτύονας
629 2807 668 2879 in
690 2805 845 2879 dubium
861 2833 935 2878 non
959 2805 1207 2893 renouabitur,
1233 2806 1463 2897 Hadrianum

216 2927 311 3002 'iam
326 2929 372 3003 ad
391 2929 590 3003 concilium
603 2931 743 3003 litteras
755 2931 911 3003 misisse.
925 2930 1026 3015 Quas
1045 2956 1127 3004 mea
1147 2931 1298 3029 quidem
1319 2940 1465 3003 senten-

238 3055 287 3127 tia
323 3081 522 3153 agnoscere
556 3055 642 3128 licet
683 3055 721 3126 in
754 3054 860 3129 titulo
887 3081 999 3153 quern
1030 3055 1176 3127 inuenit
1197 3054 1385 3154 ediditque
1414 3056 1456 3128 B.

238 3178 497 3252 Haussoullier
513 3179 622 3252 BCH
637 3179 688 3250 Vl
707 3206 744 3278 p.
765 3180 893 3261 452-3,
909 3205 948 3251 n.
974 3182 1034 3252 84.

287 3303 359 3376 Sed
390 3303 451 3374 hic
484 3304 563 3401 ipse
589 3304 717 3376 titulus
745 3303 784 3375 in
813 3304 1021 3402 fragmento
1050 3330 1279 3377 marmoreae
1306 3330 1464 3378 coronae

239 3427 516 3526 inscriptusest.
528 3427 626 3526 Ergo
637 3429 668 3499 si
682 3428 1147 3527 quisconiecturamquam
1162 3429 1272 3501 modo
1288 3430 1466 3529 proposui

237 3550 431 3650 acceperit,
459 3552 581 3623 statim
609 3578 654 3624 ex
680 3577 721 3624 ea
743 3552 839 3624 effici
864 3551 1042 3650 cogitabit
1065 3563 1105 3624 ut
1124 3579 1188 3625 sex
1217 3553 1290 3625 illis
1316 3554 1462 3626 calcarii

237 3674 370 3774 lapidis
395 3676 612 3775 fragmentis
650 3677 864 3773 (575-1096)
900 3676 1133 3749 contineatur
1166 3678 1345 3778 epistulae
1379 3670 1463 3750 finis

238 3799 343 3871 cuius
375 3799 412 3871 in
447 3825 659 3872 marmoreo
690 3809 771 3872 toro
809 3799 956 3872 initium
992 3800 1172 3899 scriptum
1212 3811 1304 3874 erat.
1333 3802 1462 3900 Neque

239 3922 416 4003 habemus
425 3950 491 3997 cur
506 3924 686 3996 miremur
699 3923 933 3997 Hadrianum
946 3925 991 3996 de
1009 3924 1349 4024 Amphictyonibus
1360 3926 1463 3998 locu-

238 4066 316 4128 tum
340 4082 419 4129 esse
446 4068 482 4129 et
508 4057 553 4129 de
570 4056 727 4157 Delphis
743 4057 839 4153 (τοὺς
863 4049 1136 4159 Ἀμφικτύονας,
1159 4065 1193 4129 ἐν
1206 4052 1363 4158 Δελφοῖς)
1376 4085 1461 4132 cum

233 4182 361 4287 ‘potius
383 4216 447 4273 eos
471 4190 622 4289 adloqui
641 4190 812 4264 debuisse
836 4191 1007 4264 uideatur
1028 4192 1163 4291 (ὑμᾶς).
1188 4194 1282 4264 Nam
1306 4192 1463 4291 epistula

237 4311 282 4384 ad
311 4314 510 4387 concilium
532 4315 642 4387 simul
665 4327 775 4416 atque
801 4315 849 4388 ad
868 4316 1057 4388 ciuitatem
1078 4317 1215 4415 scripta
1234 4328 1301 4390 est.
1323 4315 1462 4390 Contra

238 4437 354 4510 uerbo
375 4447 467 4537 ὑμᾶς
491 4465 528 4513 u.
549 4440 593 4511 12
625 4440 761 4539 Delphi
792 4440 943 4539 quidem
975 4441 1054 4513 sine
1080 4439 1196 4514 dubio
1222 4441 1462 4538 designantur
