3700 5684
561 703 607 751 nn
632 702 886 751 innenaroavu
911 702 1088 750 nrrsrvus
1408 681 1449 751 'll

270 857 312 928 In
327 855 503 928 inferiore
521 866 624 955 parte
644 856 936 955 fragmentorum
954 856 1051 927 3954
1066 864 1103 927 et
1119 855 1215 928 3800
1234 855 1327 928 nihil
1347 883 1454 956 supe-

223 995 295 1054 rest
324 991 470 1081 praeter
506 978 648 1079 aliquot
682 981 811 1053 mutila
847 982 1114 1079 imperatorum
1156 980 1308 1053 nomina
1343 991 1453 1080 atque

220 1106 439 1203 cognomina
460 1132 505 1178 ex
525 1094 667 1203 *quibus
686 1104 810 1203 colligi
835 1114 956 1203 potest
984 1103 1179 1203 epistulam
1204 1131 1224 1178 a
1245 1103 1453 1178 Commodo

220 1231 372 1302 missam
394 1230 531 1302 multos
547 1240 631 1328 post
650 1254 768 1301 annos
788 1227 916 1301 subter
935 1227 1084 1300 Traiani
1107 1228 1282 1326 epistulas
1298 1229 1452 1303 incisam

225 1380 317 1427 esse.

268 1454 325 1550 De
344 1479 505 1550 hisuero
527 1478 695 1578 epistulis
716 1478 804 1549 satis
821 1477 867 1550 ad
887 1504 955 1550 nos
977 1476 1149 1576 peruenit
1169 1486 1211 1549 ut
1235 1476 1451 1550 luculentis-

219 1602 312 1675 sime
332 1614 506 1703 appareat
527 1628 639 1700 quam
662 1601 898 1700 imperatoria
919 1601 1101 1674 breuitate
1121 1602 1299 1674 Traianus
1319 1628 1451 1701 quaes-

218 1728 337 1800 tiones
357 1726 619 1827 profligauerit.
643 1726 745 1798 Nihil
765 1727 865 1798 enim
886 1725 1019 1798 tumidi
1038 1726 1076 1797 in
1097 1726 1161 1797 illo
1186 1725 1325 1814 animo,
1355 1726 1449 1799 nihil

220 1851 498 1952 superuacanei‚
534 1851 658 1924 omnia
677 1877 804 1950 pressa
835 1861 872 1923 et
898 1850 951 1923 rei
978 1840 1118 1952 aptata;
1152 1875 1220 1922 nec
1250 1850 1296 1923 de
1322 1850 1448 1925 uerbis

218 1976 393 2049 omnibus
418 2002 631 2049 asseuerare
651 1976 804 2076 possim,
828 1974 894 2048 sed
916 1976 1137 2048 sententiam
1159 2001 1203 2048 eo
1218 1974 1450 2074 probabilius

217 2126 394 2199 agnosces
414 2100 515 2199 quod
532 2111 689 2199 utroque
708 2099 932 2172 documento
953 2098 997 2172 de
1018 2098 1150 2171 iisdem
1173 2098 1284 2171 rebus
1308 2100 1441 2197 agitur.

221 2226 264 2297 ln
282 2224 408 2325 priore
427 2224 526 2297 enim
540 2224 640 2323 quod
657 2251 708 2297 m.
726 2235 799 2297 oct.
818 2236 881 2296 aut
897 2249 986 2297 nou.
1009 2249 1043 2296 a.
1066 2225 1113 2296 98
1123 2223 1382 2297 collocandum
1394 2233 1450 2296 est

219 2361 255 2422 et
271 2348 413 2450 praemi
430 2375 450 2420 a
469 2348 660 2447 Delphisa
685 2347 942 2448 superioribus
967 2345 1254 2447 imperatoribus
1274 2373 1448 2420 concessa

219 2474 401 2578 Traianus
417 2482 593 2573 prorogat
612 2482 648 2545 et
668 2472 712 2545 de
732 2472 894 2571 quodam
916 2471 1148 2571 Pythodoro,
1175 2472 1322 2570 Delpho
1351 2472 1449 2543 scili·

219 2608 288 2687 cet,
306 2597 486 2671 aduersus
504 2623 616 2696 quem
638 2597 808 2670 statuisse
823 2622 969 2695 procos.
991 2597 1071 2696 ipse
1097 2595 1318 2669 Saturninus
1342 2595 1446 2667 uide·
1470 2598 1473 2605 ’

217 2734 277 2796 tur
297 2722 350 2795 rei
374 2721 554 2795 iudicium
576 2721 742 2821 suscipit.
763 2720 860 2792 Dein
893 2721 1044 2796 alterius
1082 2719 1202 2807 initio,
1232 2745 1445 2818 quanquam

219 2855 310 2955 lapis
333 2855 398 2928 illo
424 2855 505 2927 loco
537 2853 671 2927 misere
705 2853 927 2953 deprauatus
961 2863 1027 2941 est,
1060 2852 1217 2925 uerbum
1252 2855 1444 2950 αὐτονομία

215 2978 295 3052 sine
317 2978 431 3052 dubio
465 2979 605 3051 indicat
634 2978 829 3078 priuilegia
858 2986 943 3077 post
963 3003 1100 3050 annum
1126 3003 1277 3048 -nam
1296 2976 1439 3049 litterae

216 3102 321 3176 datae
340 3114 427 3176 sunt
445 3115 528 3176 ante
548 3103 598 3176 id.
617 3129 705 3175 nou.
720 3130 752 3177 a.
767 3104 813 3174 99
828 3146 876 3157 —
891 3101 1013 3175 denuo
1033 3101 1206 3174 renouari
1226 3112 1263 3173 et
1280 3100 1319 3172 in
1329 3101 1444 3174 altera

217 3238 318 3327 parte
366 3228 500 3301 iterum
533 3228 578 3300 de
613 3228 728 3299 multa
759 3226 975 3327 Pythodoro
1012 3226 1151 3298 indicta
1177 3226 1442 3325 imperatorem

217 3351 377 3425 scribere
391 3352 520 3451 liquet.

263 3476 477 3549 Herennius
491 3476 712 3551 Saturninus
731 3476 830 3549 idem
844 3502 924 3548 esse
945 3483 1077 3574 potest,
1106 3475 1205 3573 quod
1225 3472 1442 3548 iamdudum

214 3601 355 3675 conieci
376 3603 402 3690 ¹,
423 3601 470 3674 ad
489 3628 600 3700 quem
626 3601 844 3673 Plutarchus
863 3599 1030 3673 libellum
1050 3599 1150 3672 misit
1167 3601 1231 3697 qui
1261 3598 1443 3671 aduersus

214 3726 370 3799 Coloten
395 3725 621 3798 inscribitur.
654 3725 710 3796 De
738 3724 953 3823 Pythodoro
983 3734 1106 3796 autem
1143 3724 1194 3795 nil
1232 3723 1321 3813 scio,
1345 3748 1441 3794 nam

212 3850 383 3924 diuersus
420 3849 568 3922 uidetur
597 3875 677 3921 esse
712 3860 748 3921 et
780 3847 827 3920 ab
865 3848 936 3934 illo,
963 3848 1180 3947 Xenagorae
1212 3847 1288 3919 lilio
1328 3872 1441 3946 quem

213 3977 430 4048 archontem
457 3974 579 4074 primo
610 3973 758 4046 saeculo
785 3973 898 4044 fuisse
936 3972 1112 4044 nouimus
1133 3983 1170 4044 et
1198 3998 1218 4043 a
1253 3971 1295 4042 P.
1331 3970 1440 4042 Aelio

214 4099 429 4198 Pythodoro
448 4099 513 4198 qui
533 4099 663 4171 eodem
685 4123 837 4169 munere
857 4096 1047 4168 Hadriano
1071 4097 1276 4195 imperante
1291 4095 1440 4166 functus

214 4234 280 4296 est.
301 4223 589 4322 Eum‘equidem
611 4248 696 4322 erga
705 4223 827 4293 Deum
848 4222 908 4292 uel
926 4220 1147 4320 potiuserga
1158 4220 1228 4291 Dei
1242 4218 1438 4319 pecuniam

249 4528 273 4579 l.
296 4526 340 4580 Cl.
359 4527 492 4597 Comptea
507 4524 613 4578 roudus
627 4524 718 4580 Acad.
732 4523 824 4576 lnrcr.
843 4523 878 4578 Β.
892 4523 926 4578 L.
945 4522 1023 4592 1896,
1041 4540 1070 4594 p.
1085 4522 1129 4576 88.
