3700 5684
411 616 457 686 66
768 637 811 682 ne
838 636 1093 682 mrenmoavu
1121 636 1297 703 arrsrvms

411 799 627 900 saepissime
647 800 779 897 πούρου
804 798 862 868 uel
882 797 945 870 tofi
967 798 1192 870 mentionem
1211 799 1305 884 lieri,
1323 824 1505 897 nusquam
1521 810 1644 871 autem

413 924 575 997 calearii.
600 922 691 995 Inde
719 922 932 994 dubitanter
956 922 1061 1020 posui
1081 922 1117 992 in
1142 922 1263 1019 longis
1282 923 1395 995 cellae
1414 921 1531 994 muris
1550 949 1644 1021 quos

412 1045 524 1142 σκέλη
551 1045 688 1148 Delphi
708 1046 890 1120 uocabant
908 1046 1085 1118 inferiora
1104 1057 1246 1119 tantum
1263 1046 1426 1145 lapidum
1445 1046 1580 1119 cubilia
1600 1074 1644 1119 ex

411 1171 589 1260 calcario,
623 1170 814 1273 superiora
837 1197 926 1244 uero
951 1197 996 1242 ex
1024 1170 1098 1243 tofo
1129 1171 1349 1243 constitisse.
1385 1171 1487 1243 llaec
1520 1169 1645 1242 omnia

415 1296 587 1396 quamuis
607 1295 645 1367 in
664 1295 927 1368 breuissimum
947 1295 1007 1367 hic
1027 1295 1101 1367 sint
1120 1295 1267 1368 redacta
1286 1295 1316 1367 si
1334 1294 1547 1384 contuleris,
1570 1320 1644 1392 quo

413 1420 564 1493 tendam
585 1421 691 1493 facile
710 1420 913 1519 intelleges.
933 1419 1117 1491 Nimirum
1140 1430 1230 1520 puto
1253 1419 1458 1492 Domitiani
1478 1430 1644 1518 tempore

415 1570 665 1617 marmoreum
689 1544 792 1616 illum
813 1555 936 1616 torum
959 1544 1137 1615 insertum
1159 1570 1237 1615 esse
1258 1543 1295 1615 in
1318 1544 1482 1616 infimam
1502 1553 1643 1642 partem

411 1669 517 1741 tofini
532 1668 665 1741 cubilis
684 1667 783 1767 quod
803 1667 988 1741 cubilibus
1005 1668 1171 1740 ealoariis
1190 1667 1359 1767 proxime
1379 1666 1645 1768 superimposi-

414 1804 493 1865 tum
520 1803 608 1866 erat.
638 1794 768 1892 Neque
791 1792 899 1864 altior
929 1818 1039 1890 quam
1064 1793 1134 1864 tria
1162 1803 1279 1864 metra
1312 1791 1561 1864 aestimandus
1590 1802 1646 1864 est

414 1927 514 1989 totus
546 1917 725 1990 calearius
762 1942 908 2004 murus,
943 1915 1243 2014 quandoquidem
1278 1916 1420 1989 litterae
1457 1916 1526 1988 sub
1564 1927 1645 1988 toro

413 2042 618 2141 insculptae
631 2041 677 2114 ab
688 2039 902 2112 hominibus
915 2040 952 2111 in
970 2040 1183 2138 pauimento
1198 2037 1436 2138 περιστάσεως
1453 2039 1645 2112 ambulan-

416 2166 515 2238 tibus
534 2166 606 2263 legi
629 2175 810 2264 poterant.

464 2292 514 2362 At
530 2289 628 2363 dieet
643 2289 826 2388 quispiam
841 2289 880 2361 in
898 2284 962 2360 illo
979 2287 1209 2387 Delphorum
1228 2289 1377 2361 decreto
1392 2287 1491 2388 quod
1508 2314 1645 2388 nuper·

414 2415 508 2487 rime
523 2413 628 2486 attuli
644 2412 758 2485 uerba
773 2420 821 2496 εἰς
842 2412 916 2509 (uel
938 2408 982 2505 ἐν)
997 2410 1058 2486 τὸν
1074 2413 1331 2511 ἐπισημότατον
1354 2405 1485 2510 [τόπον.
1496 2468 1520 2482 ..
1541 2420 1588 2486 ἐν.
1599 2469 1606 2481 .
1617 2405 1642 2510 l

415 2536 552 2611 στάλαν
574 2537 779 2610 certissima
802 2562 901 2622 esse3
931 2562 1089 2634 quorum
1118 2537 1304 2620 ultimum,
1327 2536 1471 2609 etiamsi
1496 2538 1645 2636 supple·

416 2673 584 2735 mentum
608 2661 741 2735 λιθίναν
768 2661 1002 2734 abiciendum
1024 2687 1103 2733 esse
1127 2661 1309 2750 uideatur,
1336 2660 1578 2734 nihilominus
1599 2660 1644 2733 de

416 2787 534 2860 muris
550 2786 681 2885 templi
699 2785 763 2858 uix
787 2785 952 2884 intellegi
972 2812 1092 2884 posse.
1113 2785 1254 2858 Verum
1273 2787 1343 2858 hoe
1363 2785 1513 2883 quidem
1535 2812 1645 2883 argu·

417 2922 544 2984 mento
573 2912 697 2983 minus
723 2910 880 2982 efficitur
905 2936 1016 3009 quam
1042 2909 1125 3007 quis
1151 2911 1271 3009 primo
1298 2909 1472 3009 adspectu
1501 2909 1643 3001 eredat,

417 3063 504 3109 nam
534 3035 665 3108 eodem
692 3034 803 3107 modo
834 3034 1037 3107 dicuntur¹
1068 3034 1303 3106 inscribenda
1335 3044 1464 3133 ταμιᾶν
1495 3014 1646 3106 nomina

417 3175 452 3241 tv
474 3165 608 3263 στήληι
632 3194 744 3266 quam
766 3195 841 3241 non
859 3169 989 3256 solam,
1006 3166 1069 3239 sed
1087 3193 1203 3273 unum
1222 3194 1267 3239 ex
1286 3166 1384 3239 illius
1402 3167 1499 3239 muri
1513 3167 1646 3266 lapidi-

418 3292 487 3364 bus
513 3292 625 3364 luisse
650 3293 858 3391 accepimus
888 3318 963 3390 quo
991 3291 1211 3389 tegebantur
1232 3291 1470 3365 fundamenta
1501 3291 1642 3390 templi.

417 3415 524 3488 Adde
547 3415 647 3514 quod
674 3416 807 3515 Delphi
829 3415 918 3487 dum
938 3415 1126 3488 decretum
1147 3415 1239 3488 illud
1258 3415 1497 3488 incidendum
1516 3425 1648 3488 curant

416 3566 491 3613 non
510 3540 725 3640 praeuidere
742 3550 913 3639 poterant
933 3550 1023 3639 quot
1042 3540 1217 3639 epistulas
1240 3540 1451 3612 Hadrianus
1471 3550 1508 3611 et
1529 3541 1646 3611 Anto-

418 3663 497 3736 nini
518 3689 602 3736 eum
628 3663 673 3735 de
695 3662 776 3736 aliis
802 3663 913 3735 rebus
935 3673 1014 3735 tum
1040 3664 1200 3736 maxime
1228 3663 1273 3734 de
1299 3662 1445 3761 Pythiis
1472 3662 1646 3761 scripturi

418 3800 552 3861 essent.
573 3789 702 3886 Neque
722 3787 819 3861 obici
837 3798 959 3887 potest
978 3787 1016 3859 in
1037 3815 1111 3859 uno
1136 3788 1344 3885 fragmento
1370 3814 1407 3858 n.
1431 3787 1525 3859 1285
1545 3786 1645 3886 quod

418 3913 549 3985 eodem
566 3922 647 3985 toro
664 3912 790 3983 linitur
804 3912 943 3983 litteras
960 3911 1216 3984 tantummodo
1228 3914 1250 3984 0
1262 3938 1313 3983 m.
1327 3912 1397 3983 006
1408 3911 1501 3983 altas
1516 3909 1643 3982 fuisse.

418 4038 513 4110 Nam
540 4063 585 4109 ex
613 4036 780 4135 eoquod
808 4035 940 4134 lapidis
963 4061 1112 4134 quoque
1136 4062 1330 4108 mensurae
1361 4036 1523 4107 minores
1545 4045 1643 4122 sunt,

456 4343 480 4394 l.
503 4340 533 4392 lu
550 4341 633 4394 titulo
649 4357 736 4412 quom
754 4340 897 4411 descripsi
912 4340 1087 4417 Administr.
1111 4339 1216 4407 finano.
1231 4340 1270 4393 du
1293 4346 1383 4394 satiet.
1402 4340 1488 4410 pytlt.
1512 4337 1640 4410 append.

419 4429 476 4484 col.
493 4429 515 4495 l,
531 4446 559 4482 u.
575 4430 617 4482 ll.
