3700 5684
532 722 577 771 us
605 720 888 771 aurmcrrouvu
916 722 1121 772 EPIMELETIS
1393 706 1438 775 47

210 876 434 950 documento
452 876 542 976 quid
561 873 746 949 ualueriut
762 873 946 969 demiurgi
974 875 1012 947 in
1033 903 1073 948 re
1095 877 1243 977 publica
1263 880 1440 953 adminis-

211 1001 339 1074 tranda
358 1013 523 1102 apparet,
544 997 847 1100 quandoquidem
863 997 1026 1096 legatum
1043 1000 1080 1074 in
1100 1001 1290 1102 publicum
1301 1004 1440 1076 factum

210 1126 409 1227 accipiunt.
449 1127 525 1199 Nec
558 1127 695 1199 mirum
727 1134 782 1196 est
818 1122 1014 1220 pecuniam
1047 1127 1143 1227 apud
1179 1127 1438 1201 antisthenem

209 1243 415 1350 depositam
461 1278 540 1324 esse
571 1252 636 1351 qui
666 1251 794 1326 eodem
829 1246 1001 1351 δημοσίου
1043 1250 1251 1353 τραπεζίτου
1285 1279 1438 1327 munere

210 1375 357 1448 functus
370 1387 425 1448 est
440 1403 514 1475 quo
527 1398 562 1450 ὀ.
584 1405 619 1476 g.
639 1377 979 1477 Pleisteasquidam
998 1378 1036 1449 in
1056 1377 1305 1451 Phocensium
1322 1378 1438 1453 multa

209 1500 454 1599 repetunda1,
509 1527 511 1530 ’

435 1840 499 1912 IV.
531 1882 581 1894 -
613 1866 658 1913 os
682 1866 965 1913 nururcrrouvu
990 1866 1208 1913 aerumans.

255 2070 354 2156 Quid
374 2072 464 2143 noui
488 2072 749 2170 inscriptiones
772 2071 902 2144 aetatis
923 2071 1182 2171 imperatoriae
1207 2069 1253 2142 de
1275 2070 1435 2167 concilio

208 2195 508 2296 amphictyonico
538 2195 727 2269 attulerint
753 2197 868 2268 altero
898 2196 1019 2295 capite
1043 2195 1228 2294 explicare
1270 2194 1432 2268 tentabo.

208 2322 284 2393 Nec
302 2319 438 2392 mirum
464 2321 608 2392 lucrum
630 2320 739 2392 citius
759 2318 1047 2419 praedicandum
1071 2331 1139 2403 est,
1167 2318 1232 2392 sed
1257 2329 1435 2419 opportu-¹

205 2445 291 2517 nius
311 2444 356 2517 de
374 2443 654 2545 amphictyonia
672 2443 709 2516 in
737 2469 878 2516 nouum
896 2454 1031 2516 statum
1049 2443 1195 2517 redacta
1211 2443 1435 2517 disseremus

205 2595 290 2642 cum
306 2568 353 2642 ad
369 2568 614 2669 imperatores
634 2568 847 2641 uenerimus
871 2567 936 2666 qui
959 2568 1061 2640 illam
1089 2594 1213 2640 rerum
1231 2579 1435 2641 commuta·

205 2693 344 2766 tionem
364 2691 629 2793 perficiendam
656 2701 892 2765 eurauerunl.
930 2691 1120 2764 Habemus
1145 2702 1274 2765 contra
1303 2719 1370 2765 cur
1387 2692 1432 2765 de

203 2817 524 2918 Amphictyonum
544 2816 738 2916 epimeleta
756 2815 817 2889 hic
833 2814 1082 2915 disceptemus
1100 2842 1259 2915 eumque
1278 2842 1432 2889 numero
1455 2904 1466 2919 ο

204 2943 484 3039 magistratuum
501 2941 566 3039 qui
584 2940 738 3040 Delphis
753 2966 906 3013 munere
921 2966 989 3013 suo
1010 2941 1125 3013 functi
1144 2952 1232 3014 sunt
1246 2939 1432 3014 adscriba-

203 3092 299 3155 mus,
317 3066 404 3138 lieet
415 3066 536 3166 primo
554 3064 729 3164 adspectu
753 3063 1017 3138 Panhellenius
1025 3065 1147 3164 potius
1155 3090 1234 3137 esse
1246 3063 1427 3137 uideatur.

251 3190 325 3287 Sed
351 3190 569 3290 priusquam
599 3189 690 3289 quid
718 3189 875 3262 sentiam
899 3201 1026 3290 aperte
1056 3188 1254 3277 declarem,
1275 3189 1429 3262 seorsim

203 3342 288 3388 eum
308 3340 443 3414 ponam
465 3339 613 3387 necesse
632 3323 688 3386 est
706 3312 830 3386 abillo
849 3313 1169 3413 Amphictyonum
1183 3312 1304 3386 scriba
1319 3338 1430 3412 quem

203 3466 248 3513 ex
285 3437 590 3540 inscriptionibus
624 3439 857 3538 superiorum
888 3442 1132 3538 temporum²
1170 3438 1428 3537 cognouimus.

203 3563 313 3637 Hunc
332 3563 442 3636 etiam
458 3564 573 3636 altero
584 3574 646 3635 aut
665 3562 773 3635 tertio
788 3590 824 3663 p.
844 3561 934 3635 Chr.
954 3562 1101 3635 saeculo
1122 3562 1285 3635 extitisse
1302 3561 1432 3634 titulus
1532 3550 1534 3553 ¹

202 3715 239 3760 n.
261 3688 357 3761 2798
379 3686 488 3760 nohis
508 3685 733 3760 documento
765 3698 820 3759 est
841 3712 953 3759 :nam
977 3687 1029 3761 M.
1050 3687 1431 3785 lunius(l'h1·a‘l)seas

201 3821 254 3894 ihi
270 3819 485 3922 planissime
501 3821 733 3921 γραμματεὺς
751 3833 814 3892 τοῦ
836 3835 953 3892 κοινοῦ
974 3818 1191 3920 appellatur,
1212 3844 1333 3916 neque
1343 3844 1428 3890 cum

201 3946 239 4018 in
255 3972 299 4018 eo
319 3944 497 4045 glorietur
515 3943 615 4044 quod
642 3943 799 4042 Pythiae
824 3942 1015 4015 cuiusdam
1040 3952 1119 4014 erat
1137 3967 1323 4041 pronepos
1342 3967 1429 4014 con-

200 4068 306 4142 fundi
324 4079 446 4141 tamen
459 4078 581 4168 potest
591 4093 675 4140 cum
691 4067 887 4167 epimeleta
898 4067 963 4165 qui
983 4066 1100 4138 multo
1120 4064 1428 4165 plusauctoritate

201 4193 331 4266 ualuit.

238 4445 263 4497 l.
282 4443 323 4496 IG
344 4443 380 4496 lX
397 4444 457 4495 llo.

235 4533 261 4586 2.
282 4530 326 4585 Cl.
338 4548 364 4586 e.
381 4551 409 4602 g.
426 4530 661 4588 Dialem-inach.
680 4548 728 4586 nn.
744 4533 824 4595 25¹9,
842 4532 920 4598 2520,
938 4532 1017 4599 2522,
1031 4537 1089 4586 etc.
