3700 5684
429 623 473 693 te
714 622 717 629 “
872 645 916 690 us
945 644 1206 691 saceauormvs

424 797 628 894 suscepisse
656 823 740 868 mox
767 796 1042 869 demonstrabo.
1073 796 1382 894 Quandoquidem
1408 824 1475 897 ego
1502 825 1650 898 quoque

425 947 558 993 censeo
569 921 734 1019 Delphos
751 920 796 992 ad
813 922 1067 993 Romanorum
1084 921 1295 1019 exemplum
1317 922 1521 994 certissimo
1540 950 1651 996 eursu

424 1045 583 1117 honores
603 1044 754 1144 adeptos
777 1071 869 1133 esse,
898 1057 1044 1144 tempus
1069 1072 1142 1142 quo
1165 1045 1420 1119 Aristaenetus
1438 1048 1652 1120 Demostra-
1675 1026 1677 1031 ,

425 1180 555 1267 tueque
571 1169 779 1241 sacerdotes
798 1180 832 1241 et
851 1170 900 1241 M.
917 1169 1091 1240 Aurelius
1110 1169 1341 1268 Antiphanes
1357 1171 1494 1242 archon
1508 1170 1577 1243 fuit
1588 1171 1652 1244 illo

425 1294 583 1365 termino
608 1294 712 1391 quasi
738 1293 904 1365 cohiberi
941 1293 1033 1364 mihi
1061 1292 1220 1382 uidetur,
1259 1321 1378 1392 neque
1406 1306 1489 1366 ante
1518 1322 1551 1366 a.
1583 1297 1651 1367 llil

331 1478 334 1483 -
425 1443 658 1516 regressurus
676 1443 771 1490 sum.

474 1542 544 1615 Sed
575 1543 665 1614 alter
686 1541 748 1613 ille
769 1541 954 1623 sacerdos,
978 1541 1018 1612 L.
1049 1541 1191 1613 Gellius
1214 1543 1482 1631 Demostratus
1500 1543 1573 1615 iam
1591 1542 1653 1615 ab·

424 1667 511 1738 hinc
526 1666 666 1765 aliquot
683 1665 789 1737 annis
810 1665 983 1737 innotuit.
1008 1664 1169 1736 Babbius
1187 1665 1285 1736 enim
1303 1667 1476 1738 Aurelius
1492 1667 1652 1739 Nicobu-

425 1791 482 1862 lus
502 1801 659 1862 statuam
679 1797 744 1885 τῆς
765 1798 890 1862 ἑαυτοῦ
910 1791 1083 1887 τροφίμης
1102 1789 1299 1877 dedicauit,
1323 1790 1426 1861 cuius
1442 1790 1540 1862 basis
1554 1803 1653 1863 extat

425 1914 609 2012 descripta
641 1913 748 1986 BCll
793 1914 862 1985 XX
905 1941 941 2010 p.
985 1916 1069 1985 719.
1098 1914 1210 1984 Tituli
1250 1913 1397 1985 initium
1425 1913 1653 1987 desideratur

426 2063 547 2136 neque
573 2048 672 2109 certa
697 2038 839 2109 ratione
866 2037 959 2108 mihi
981 2036 1131 2134 quidem
1160 2037 1323 2136 suppleri
1345 2064 1452 2136 posse
1473 2037 1649 2111 uidetur:

425 2160 477 2233 ibi
502 2161 680 2260 scriptum
712 2172 789 2233 erat
810 2186 946 2232 nomen
974 2161 1198 2233 clarissimae
1228 2161 1393 2233 mulieris
1419 2163 1478 2233 eui
1503 2162 1653 2234 nomina

424 2285 510 2373 uiri,
534 2284 732 2357 sacerdotis
754 2286 920 2370 fortasse,
943 2284 1006 2383 qui
1027 2311 1107 2356 eam
1127 2285 1282 2357 duxerat
1299 2311 1466 2373 uxorem,
1485 2297 1520 2357 et
1536 2313 1653 2359 sacer-

423 2411 552 2482 dotum
571 2408 755 2507 Apollinis
775 2408 998 2507 Bacchique,
1021 2435 1178 2506 quorum
1201 2420 1277 2480 erat
1298 2421 1426 2497 mater,
1449 2411 1651 2509 postposita

424 2534 539 2606 fuisse
560 2534 646 2605 satis
660 2533 816 2604 fidenter
830 2533 989 2605 conicio.

474 2661 697 2730 Asseruatur
722 2669 820 2730 certe
848 2668 1005 2729 stemma
1028 2658 1187 2729 familiae
1215 2657 1478 2741 antecedentis,
1507 2669 1582 2742 aut,
1614 2671 1655 2730 ut

426 2782 589 2881 pressius
609 2782 752 2881 loquar,
774 2781 1007 2855 sacerdotum
1029 2781 1142 2853 series
1161 2808 1320 2880 quorum
1340 2782 1413 2855 lilia
1428 2787 1548 2882 neptis
1569 2809 1652 2882 pro-

425 2907 545 3007 neptis
562 2908 740 2979 honorata
758 2916 813 2978 est
835 2931 842 2977 :

966 3085 1005 3155 L.
1026 3084 1168 3157 Gellius
1191 3085 1404 3182 Xenagoras
1427 3086 1443 3157 l

964 3281 1005 3351 L.
1028 3279 1171 3352 Gellius
1187 3279 1401 3378 Xenagoras
1421 3280 1456 3351 ΙΙ

964 3476 1005 3547 L.
1029 3474 1172 3547 Gellius
1190 3476 1448 3547 Demostratus

967 3679 1114 3775 (Gellia)
1138 3574 1290 3778 epiplpq
1315 3677 1446 3750 Babbii
1465 3678 1651 3750 Nicobuli.

471 3912 509 3985 Si
533 3924 635 3984 retro
661 3922 869 4009 temporum
895 3910 1064 3983 ordinem
1087 3911 1290 4007 sequimur,
1323 3908 1368 3980 ab
1395 3936 1493 3981 anno
1524 3910 1591 3979 llll
1619 3919 1657 3980 et

422 4035 665 4134 sequentibus
689 4036 843 4135 profecti
866 4062 982 4134 paene
1009 4034 1053 4106 ad
1078 4033 1302 4105 nouissimos
1329 4033 1517 4106 Plutarchi
1538 4059 1654 4105 annos

424 4160 660 4245 reuertimur,
694 4160 800 4232 cuius
831 4160 868 4231 in
898 4159 1019 4230 locum
1051 4158 1201 4230 forsitan
1229 4158 1441 4255 Xenagoras
1465 4158 1481 4228 I
1508 4183 1654 4229 sucees-

426 4285 527 4356 serit.

474 4408 638 4479 Alterius
670 4407 806 4480 saeculi
831 4405 1084 4479 sacerdotibus
1115 4406 1266 4504 insuper
1296 4406 1551 4503 adiungendus
1584 4416 1651 4495 est,
