3700 5684
581 693 625 738 DE
652 694 905 742 IMPERATORVM
933 694 1109 742 Eplsrvus
1309 674 1311 677 l
1411 668 1458 742 73

236 846 275 913 10
298 849 411 934 δωρεὰς
435 846 557 933 [dedocuit
577 853 626 914 καὶ
647 846 777 934 &inculca
798 853 847 916 καὶ
870 857 924 916 ὑπὸ
947 848 1013 935 salt
1036 859 1103 917 θειῡ
1132 850 1281 936 'spumat
1308 850 1457 937 lateram]

300 960 505 1049 llpenteulrlc
516 1011 656 1029 .......
669 981 678 1028 ·.
694 1014 700 1027 .
715 1014 724 1031 .
738 1016 745 1030 .
760 962 788 1050 .]
813 992 880 1047 νης.
915 956 1108 1052 Εΰι[υχεῑτε.
1138 964 1287 1053 Tempus
1310 972 1345 1030 et
1363 963 1459 1030 locus

1232 1079 1454 1167 indicantur]

282 1254 416 1326 Nescio
447 1280 493 1327 an
532 1281 569 1327 ιι.
601 1258 624 1326 4
668 1249 746 1354 [τῆς
769 1249 925 1353 adalam<
961 1258 1133 1357 supplere
1165 1256 1285 1330 liceat.
1325 1258 1458 1330 Postea

234 1377 349 1451 tribus
369 1377 439 1451 nisi
457 1380 566 1454 fallor
583 1383 809 1484 argumentis
827 1381 1022 1454 adducitur
1042 1380 1253 1454 Hadrianus
1269 1381 1315 1453 ad
1335 1407 1459 1480 praes-

232 1502 380 1575 tandam
396 1502 694 1581 beneuolentiam
710 1532 717 1581 :
731 1507 894 1606 primum
909 1505 1010 1605 quod
1023 1505 1180 1605 epistula
1193 1506 1334 1578 adeum
1347 1505 1458 1578 missa

233 1638 287 1699 est
308 1628 333 1716 ¹,
350 1627 435 1699 dein
452 1630 551 1728 quod
575 1632 726 1731 antiqua
746 1629 850 1703 urbis
864 1629 1040 1702 nobilitas
1064 1629 1212 1702 uidetur
1232 1656 1311 1703 esse
1340 1629 1459 1728 respi-

232 1749 376 1842 cienda,
415 1752 575 1853 denique
609 1756 709 1855 quod
743 1755 878 1854 Delphi
908 1780 1007 1826 nouo
1036 1754 1250 1853 imperatori
1286 1753 1458 1850 gratulati

233 1886 319 1947 sunt
333 1875 442 1949 simul
461 1888 571 1978 atqua
603 1906 670 1979 pro
690 1881 771 1952 Deo
798 1879 936 1978 Pythio
965 1879 1015 1976 (u.
1048 1881 1071 1950 8
1094 1877 1235 1950 litterae
1252 1880 1286 1950 Α
1304 1877 1459 1976 uestigia

217 2001 534 2102 ¹perspicuasunt)
551 2030 666 2103 aequa
679 2003 850 2103 bonaque
864 2014 1125 2103 poposcerunt.
1144 2003 1187 2074 ln
1204 2002 1336 2075 ultimo
1348 2028 1457 2074 uersu

233 2115 398 2222 [Ἰούλιος
422 2118 640 2226 Ἀντιγέ]νης
658 2130 829 2230 supplere
845 2127 1013 2200 dubitaui
1028 2127 1200 2226 quamuis
1220 2153 1355 2199 nomen
1380 2127 1459 2200 eius

231 2248 381 2323 lacunae
393 2250 487 2323 bene
502 2254 696 2327 conueniat
711 2279 719 2339 ;
738 2279 871 2353 nempe
889 2253 1029 2351 legatus
1042 2252 1103 2323 ille
1112 2251 1300 2351 prioribus
1310 2250 1459 2324 Traiani

231 2374 351 2462 annis,
371 2374 397 2447 i.
419 2401 453 2450 e.
478 2377 610 2476 uiginti
631 2379 737 2451 annis
757 2389 854 2468 ante,
872 2376 1046 2450 occurrit.

281 2497 401 2583 Quem
432 2500 610 2600 epistulae
634 2514 872 2602 conspectum
900 2503 930 2573 si
955 2500 1172 2601 probaueris
1189 2544 1240 2557 -
1271 2526 1355 2598 nam
1382 2499 1458 2599 ipsa

233 2623 345 2696 uerba
365 2651 439 2697 non
460 2636 604 2724 praesto
614 2670 676 2716 —,
687 2627 947 2727 imperatorem
967 2625 1120 2699 Graecis
1132 2625 1266 2698 eximie
1284 2625 1462 2697 dilectum

233 2759 269 2820 et
290 2747 466 2822 Graeciae
485 2751 780 2823 amantissimum
798 2751 836 2822 in
857 2776 970 2822 unam
985 2749 1206 2822 sententiam
1222 2750 1310 2822 satis
1329 2749 1459 2848 exqui-

234 2871 302 2945 sita
325 2884 401 2946 arte
420 2875 665 2972 compositam
682 2875 807 2948 omnia
826 2873 1012 2972 redegisse
1032 2900 1106 2945 non
1130 2873 1337 2947 miraberis.
1370 2854 1466 2945 Pro·-

232 2995 354 3069 babile
369 2997 469 3069 enim
485 2998 626 3071 etmihi
648 2999 798 3072 uidetur
814 2999 1048 3072 Hadrianum
1081 2997 1204 3097 ipsum
1229 3024 1359 3095 graece
1384 2997 1461 3070 dic·

234 3121 371 3193 tauisse
390 3148 458 3195 nec
473 3121 552 3195 sine
568 3122 727 3222 quadam
745 3124 934 3223 uoluptate
943 3133 1263 3221 ostentasseqnam
1275 3121 1461 3221 eleganter

235 3249 297 3344 μέν
321 3257 358 3319 et
376 3236 413 3318 δέ
432 3273 620 3346 opponere
646 3247 767 3322 sciret.
794 3247 867 3321 Sed
896 3248 1013 3346 magis
1033 3247 1144 3320 etiam
1161 3246 1272 3345 digna
1288 3258 1343 3320 est
1364 3272 1459 3345 quae

232 3369 401 3444 laudetur
417 3371 479 3443 illa
503 3372 710 3444 reuerentia
735 3399 808 3471 qua
832 3371 1125 3446 illustrissimum
1158 3372 1311 3470 ipsaque
1336 3382 1461 3443 uetus-

233 3504 303 3568 tate
323 3495 564 3567 sacerrimum
581 3496 760 3595 templum
778 3506 997 3595 prosecutus
1017 3507 1084 3569 est.

283 3619 503 3717 Priusquam
541 3620 586 3691 ad
619 3620 841 3693 documenta
874 3620 1021 3693 neniam
1053 3646 1147 3719 quae
1183 3619 1280 3692 circa
1315 3645 1347 3691 a.
1391 3619 1460 3692 125

233 3743 405 3843 ponenda
433 3753 531 3834 sunt,
562 3769 712 3816 necesse
735 3753 791 3817 est
814 3770 986 3816 moneam
1006 3743 1051 3815 de
1067 3745 1137 3817 hoc
1157 3744 1353 3843 praecipue
1367 3754 1462 3816 tem·

234 3867 334 3967 poris
348 3868 545 3957 interuallo
565 3869 679 3941 multa
698 3868 909 3941 desiderari.
931 3869 1035 3940 Tunc
1050 3877 1151 3940 certo
1168 3868 1321 3966 exsequi
1340 3866 1462 3967 coepit

236 3992 448 4065 Hadrianus
469 3992 569 4092 quod
591 3993 664 4066 iam
682 3993 839 4066 Traiano
861 3993 1068 4092 imperante
1084 3991 1362 4090 suscipiendum
1385 3992 1461 4064 for·

179 4162 186 4173 ·
235 4127 329 4190 tasse
349 4118 603 4217 cogitauerant
622 4118 770 4216 Delphi,
791 4117 854 4189 sed
879 4143 921 4189 ea
944 4126 1271 4190 monumentorum
1294 4115 1462 4213 magnifi-

272 4396 297 4449 1.
318 4394 393 4458 Quid
410 4394 535 4449 ualuerit
559 4392 712 4448 ἐπιστέλλειν
730 4393 945 4450 demonstrauit
962 4394 993 4448 R.
1019 4393 1163 4466 Laqueur,
1184 4392 1300 4457 eraest.
1320 4393 1413 4464 epiqr.
1434 4398 1460 4446 et

239 4484 361 4555 napyrul
375 4484 425 4538 ael.
440 4501 468 4555 p,
483 4486 527 4539 17.
