<?xml version="1.0" encoding="UTF-8"?>
<!DOCTYPE html PUBLIC "-//W3C//DTD XHTML 1.0 Transitional//EN"
    "http://www.w3.org/TR/xhtml1/DTD/xhtml1-transitional.dtd">
<html xmlns="http://www.w3.org/1999/xhtml" xml:lang="en" lang="en">
 <head>
  <title>
</title>
<meta http-equiv="Content-Type" content="text/html;charset=utf-8" />
  <meta name='ocr-system' content='tesseract 3.04.00' />
  <meta name='ocr-capabilities' content='ocr_page ocr_carea ocr_par ocr_line ocrx_word'/>
</head>
<body>
  <div class='ocr_page' id='page_1' title='image "./derebusdelphici00bourgoog_0037.png"; bbox 0 0 3700 5684; ppageno 0'>
   <div class='ocr_carea' id='block_1_1' title="bbox 689 654 1454 725">
    <p class='ocr_par' dir='ltr' id='par_1_1' title="bbox 689 654 1454 725">
     <span class='ocr_line' id='line_1_1' title="bbox 689 654 1454 725; baseline 0.001 -2"><span class='ocrx_word' id='word_1_1' title='bbox 689 677 733 724; x_wconf 83' lang='lat' dir='ltr'>ua</span> <span class='ocrx_word' id='word_1_2' title='bbox 760 677 1005 725; x_wconf 74' lang='lat' dir='ltr'>aucuourmvs</span> <span class='ocrx_word' id='word_1_3' title='bbox 1413 654 1454 725; x_wconf 88' lang='lat' dir='ltr'>3l</span> 
     </span>
    </p>
   </div>
   <div class='ocr_carea' id='block_1_2' title="bbox 240 828 1461 1628">
    <p class='ocr_par' dir='ltr' id='par_1_2' title="bbox 240 828 1461 1628">
     <span class='ocr_line' id='line_1_2' title="bbox 288 828 1461 927; baseline -0.003 -24"><span class='ocrx_word' id='word_1_4' title='bbox 288 832 441 904; x_wconf 82' lang='lat' dir='ltr'>Minime</span> <span class='ocrx_word' id='word_1_5' title='bbox 480 841 603 902; x_wconf 87' lang='lat' dir='ltr'>autem</span> <span class='ocrx_word' id='word_1_6' title='bbox 636 830 747 902; x_wconf 90' lang='lat' dir='ltr'>distat</span> <span class='ocrx_word' id='word_1_7' title='bbox 776 855 796 901; x_wconf 92' lang='lat' dir='ltr'>a</span> <span class='ocrx_word' id='word_1_8' title='bbox 834 829 1075 927; x_wconf 79' lang='lat' dir='ltr'>praecedente</span> <span class='ocrx_word' id='word_1_9' title='bbox 1119 830 1256 900; x_wconf 90' lang='lat' dir='ltr'>archon</span> <span class='ocrx_word' id='word_1_10' title='bbox 1300 828 1461 901; x_wconf 91' lang='lat' dir='ltr'>Babbius</span> 
     </span>
     <span class='ocr_line' id='line_1_3' title="bbox 240 958 450 1055; baseline 0 -26"><span class='ocrx_word' id='word_1_11' title='bbox 240 958 450 1055; x_wconf 84' lang='lat' dir='ltr'>blagnus¹:</span> 
     </span>
     <span class='ocr_line' id='line_1_4' title="bbox 657 1081 996 1166; baseline -0.012 -19"><span class='ocrx_word' id='word_1_12' title='bbox 657 1082 749 1159; x_wconf 74' lang='grc' dir='ltr'>Θεὲς.</span> <span class='ocrx_word' id='word_1_13' title='bbox 777 1081 865 1166; x_wconf 80' lang='grc' dir='ltr'><strong>Τύχα</strong></span> <span class='ocrx_word' id='word_1_14' title='bbox 889 1082 996 1165; x_wconf 75' lang='grc' dir='ltr'><strong>ἀγαθά.</strong></span> 
     </span>
     <span class='ocr_line' id='line_1_5' title="bbox 566 1192 1106 1282; baseline -0.004 -23"><span class='ocrx_word' id='word_1_15' title='bbox 566 1192 720 1282; x_wconf 55' lang='grc' dir='ltr'>ΔΜούκιον)</span> <span class='ocrx_word' id='word_1_16' title='bbox 749 1193 939 1282; x_wconf 72' lang='grc' dir='ltr'>Ἀρρούντιον</span> <span class='ocrx_word' id='word_1_17' title='bbox 961 1192 1106 1281; x_wconf 77' lang='grc' dir='ltr'>Ἑρμείαν</span> 
     </span>
     <span class='ocr_line' id='line_1_6' title="bbox 568 1310 927 1397; baseline 0.008 -23"><span class='ocrx_word' id='word_1_18' title='bbox 568 1310 723 1397; x_wconf 77' lang='grc' dir='ltr'>Κορίνθιον</span> <span class='ocrx_word' id='word_1_19' title='bbox 743 1310 855 1397; x_wconf 76' lang='grc' dir='ltr'>Δελφοὶ</span> <span class='ocrx_word' id='word_1_20' title='bbox 871 1339 927 1377; x_wconf 73' lang='grc' dir='ltr'>πο·</span> 
     </span>
     <span class='ocr_line' id='line_1_7' title="bbox 568 1431 916 1508; baseline 0 -16"><span class='ocrx_word' id='word_1_21' title='bbox 568 1432 668 1508; x_wconf 80' lang='grc' dir='ltr'>λείτην</span> <span class='ocrx_word' id='word_1_22' title='bbox 686 1431 735 1492; x_wconf 72' lang='grc' dir='ltr'>καὶ</span> <span class='ocrx_word' id='word_1_23' title='bbox 753 1431 916 1508; x_wconf 70' lang='grc' dir='ltr'>βουλευτὴν</span> 
     </span>
     <span class='ocr_line' id='line_1_8' title="bbox 568 1531 950 1628; baseline 0.003 -21"><span class='ocrx_word' id='word_1_24' title='bbox 568 1531 718 1624; x_wconf 67' lang='grc' dir='ltr'>ἐποίησαν.</span> <span class='ocrx_word' id='word_1_25' title='bbox 739 1543 950 1628; x_wconf 79' lang='grc' dir='ltr'>Στρατηγτῦν-</span> 
     </span>
    </p>
   </div>
   <div class='ocr_carea' id='block_1_3' title="bbox 568 1658 925 1742">
    <p class='ocr_par' dir='ltr' id='par_1_3' title="bbox 568 1658 925 1742">
     <span class='ocr_line' id='line_1_9' title="bbox 568 1658 925 1742; baseline -0.008 -19"><span class='ocrx_word' id='word_1_26' title='bbox 568 1684 618 1735; x_wconf 80' lang='grc' dir='ltr'>τος</span> <span class='ocrx_word' id='word_1_27' title='bbox 637 1658 766 1724; x_wconf 73' lang='grc' dir='ltr'>Βαόὅίτυ</span> <span class='ocrx_word' id='word_1_28' title='bbox 787 1659 925 1742; x_wconf 69' lang='grc' dir='ltr'>Μάγνου.</span> 
     </span>
    </p>
   </div>
   <div class='ocr_carea' id='block_1_4' title="bbox 236 1823 1461 2172">
    <p class='ocr_par' dir='ltr' id='par_1_4' title="bbox 236 1823 1461 2172">
     <span class='ocr_line' id='line_1_10' title="bbox 286 1823 1460 1923; baseline -0.001 -27"><span class='ocrx_word' id='word_1_29' title='bbox 286 1825 392 1896; x_wconf 90' lang='lat' dir='ltr'>Hanc</span> <span class='ocrx_word' id='word_1_30' title='bbox 416 1850 545 1896; x_wconf 92' lang='lat' dir='ltr'>uocem</span> <span class='ocrx_word' id='word_1_31' title='bbox 564 1838 846 1922; x_wconf 79' lang='grc' dir='ltr'>στρατηγοῦντος</span> <span class='ocrx_word' id='word_1_32' title='bbox 863 1823 983 1896; x_wconf 86' lang='lat' dir='ltr'>obiter</span> <span class='ocrx_word' id='word_1_33' title='bbox 1002 1834 1173 1896; x_wconf 88' lang='lat' dir='ltr'>notemus</span> <span class='ocrx_word' id='word_1_34' title='bbox 1192 1850 1286 1923; x_wconf 91' lang='lat' dir='ltr'>quae</span> <span class='ocrx_word' id='word_1_35' title='bbox 1306 1823 1460 1895; x_wconf 91' lang='lat' dir='ltr'>minime</span> 
     </span>
     <span class='ocr_line' id='line_1_11' title="bbox 236 1948 1461 2021; baseline 0 -2"><span class='ocrx_word' id='word_1_36' title='bbox 236 1975 334 2020; x_wconf 90' lang='lat' dir='ltr'>noua</span> <span class='ocrx_word' id='word_1_37' title='bbox 365 1959 420 2021; x_wconf 90' lang='lat' dir='ltr'>est</span> <span class='ocrx_word' id='word_1_38' title='bbox 452 1949 516 2020; x_wconf 90' lang='lat' dir='ltr'>sed</span> <span class='ocrx_word' id='word_1_39' title='bbox 550 1974 689 2020; x_wconf 91' lang='lat' dir='ltr'>nouum</span> <span class='ocrx_word' id='word_1_40' title='bbox 716 1949 754 2019; x_wconf 92' lang='lat' dir='ltr'>in</span> <span class='ocrx_word' id='word_1_41' title='bbox 791 1974 897 2020; x_wconf 89' lang='lat' dir='ltr'>usum</span> <span class='ocrx_word' id='word_1_42' title='bbox 930 1948 1044 2019; x_wconf 91' lang='lat' dir='ltr'>semel</span> <span class='ocrx_word' id='word_1_43' title='bbox 1073 1948 1228 2021; x_wconf 90' lang='lat' dir='ltr'>detorta.</span> <span class='ocrx_word' id='word_1_44' title='bbox 1257 1948 1330 2019; x_wconf 80' lang='lat' dir='ltr'>Vix</span> <span class='ocrx_word' id='word_1_45' title='bbox 1362 1948 1461 2020; x_wconf 93' lang='lat' dir='ltr'>enim</span> 
     </span>
     <span class='ocr_line' id='line_1_12' title="bbox 236 2071 1461 2172; baseline 0 -28"><span class='ocrx_word' id='word_1_46' title='bbox 236 2072 432 2172; x_wconf 90' lang='lat' dir='ltr'>quisquam</span> <span class='ocrx_word' id='word_1_47' title='bbox 454 2071 639 2145; x_wconf 79' lang='lat' dir='ltr'>dubitabit</span> <span class='ocrx_word' id='word_1_48' title='bbox 662 2072 752 2170; x_wconf 93' lang='lat' dir='ltr'>quin</span> <span class='ocrx_word' id='word_1_49' title='bbox 779 2071 942 2144; x_wconf 91' lang='lat' dir='ltr'>Babbius</span> <span class='ocrx_word' id='word_1_50' title='bbox 965 2072 1134 2170; x_wconf 87' lang='lat' dir='ltr'>Magnus,</span> <span class='ocrx_word' id='word_1_51' title='bbox 1157 2083 1198 2144; x_wconf 91' lang='lat' dir='ltr'>ut</span> <span class='ocrx_word' id='word_1_52' title='bbox 1219 2084 1345 2171; x_wconf 87' lang='lat' dir='ltr'>postea</span> <span class='ocrx_word' id='word_1_53' title='bbox 1365 2072 1461 2144; x_wconf 89' lang='lat' dir='ltr'>filius</span> 
     </span>
    </p>
   </div>
   <div class='ocr_carea' id='block_1_5' title="bbox 235 2201 1460 2304">
    <p class='ocr_par' dir='ltr' id='par_1_5' title="bbox 235 2201 1460 2304">
     <span class='ocr_line' id='line_1_13' title="bbox 235 2201 1460 2304; baseline 0 -28"><span class='ocrx_word' id='word_1_54' title='bbox 235 2205 314 2277; x_wconf 88' lang='lat' dir='ltr'>eius</span> <span class='ocrx_word' id='word_1_55' title='bbox 333 2205 532 2294; x_wconf 83' lang='lat' dir='ltr'>Maximus,</span> <span class='ocrx_word' id='word_1_56' title='bbox 546 2205 716 2304; x_wconf 83' lang='grc' dir='ltr'>ἄρχοντος</span> <span class='ocrx_word' id='word_1_57' title='bbox 732 2204 878 2277; x_wconf 87' lang='lat' dir='ltr'>titulum</span> <span class='ocrx_word' id='word_1_58' title='bbox 896 2206 1001 2304; x_wconf 85' lang='lat' dir='ltr'>quasi</span> <span class='ocrx_word' id='word_1_59' title='bbox 1016 2205 1232 2303; x_wconf 85' lang='lat' dir='ltr'>longissimo</span> <span class='ocrx_word' id='word_1_60' title='bbox 1249 2201 1324 2278; x_wconf 87' lang='lat' dir='ltr'>usu</span> <span class='ocrx_word' id='word_1_61' title='bbox 1335 2204 1460 2278; x_wconf 91' lang='lat' dir='ltr'>tritum</span> 
     </span>
    </p>
   </div>
   <div class='ocr_carea' id='block_1_6' title="bbox 229 2327 1477 3919">
    <p class='ocr_par' dir='ltr' id='par_1_6' title="bbox 232 2327 1462 3421">
     <span class='ocr_line' id='line_1_14' title="bbox 233 2327 1461 2428; baseline 0.001 -27"><span class='ocrx_word' id='word_1_62' title='bbox 233 2340 448 2428; x_wconf 90' lang='lat' dir='ltr'>aspernatus</span> <span class='ocrx_word' id='word_1_63' title='bbox 468 2329 527 2401; x_wconf 91' lang='lat' dir='ltr'>sit.</span> <span class='ocrx_word' id='word_1_64' title='bbox 550 2327 647 2426; x_wconf 82' lang='lat' dir='ltr'>Ergo</span> <span class='ocrx_word' id='word_1_65' title='bbox 669 2340 707 2401; x_wconf 89' lang='lat' dir='ltr'>ut</span> <span class='ocrx_word' id='word_1_66' title='bbox 726 2329 789 2427; x_wconf 94' lang='lat' dir='ltr'>qui</span> <span class='ocrx_word' id='word_1_67' title='bbox 808 2330 992 2402; x_wconf 87' lang='lat' dir='ltr'>obsoletas</span> <span class='ocrx_word' id='word_1_68' title='bbox 1009 2356 1068 2402; x_wconf 90' lang='lat' dir='ltr'>res</span> <span class='ocrx_word' id='word_1_69' title='bbox 1087 2330 1123 2401; x_wconf 94' lang='lat' dir='ltr'>in</span> <span class='ocrx_word' id='word_1_70' title='bbox 1145 2330 1264 2401; x_wconf 87' lang='lat' dir='ltr'>lucem</span> <span class='ocrx_word' id='word_1_71' title='bbox 1287 2329 1461 2402; x_wconf 79' lang='lat' dir='ltr'>reducere</span> 
     </span>
     <span class='ocr_line' id='line_1_15' title="bbox 233 2452 1461 2553; baseline 0 -28"><span class='ocrx_word' id='word_1_72' title='bbox 233 2452 408 2552; x_wconf 84' lang='lat' dir='ltr'>cupierit,</span> <span class='ocrx_word' id='word_1_73' title='bbox 435 2453 551 2526; x_wconf 90' lang='lat' dir='ltr'>uerbo</span> <span class='ocrx_word' id='word_1_74' title='bbox 579 2453 643 2526; x_wconf 93' lang='lat' dir='ltr'>illo</span> <span class='ocrx_word' id='word_1_75' title='bbox 671 2479 746 2553; x_wconf 91' lang='lat' dir='ltr'>quo</span> <span class='ocrx_word' id='word_1_76' title='bbox 771 2455 989 2526; x_wconf 79' lang='lat' dir='ltr'>Aetolorum</span> <span class='ocrx_word' id='word_1_77' title='bbox 1019 2455 1108 2526; x_wconf 94' lang='lat' dir='ltr'>olim</span> <span class='ocrx_word' id='word_1_78' title='bbox 1132 2454 1461 2552; x_wconf 83' lang='lat' dir='ltr'>Romanorumque</span> 
     </span>
     <span class='ocr_line' id='line_1_16' title="bbox 233 2577 1462 2678; baseline 0 -29"><span class='ocrx_word' id='word_1_79' title='bbox 233 2578 330 2650; x_wconf 92' lang='lat' dir='ltr'>haud</span> <span class='ocrx_word' id='word_1_80' title='bbox 346 2579 397 2649; x_wconf 88' lang='lat' dir='ltr'>ita</span> <span class='ocrx_word' id='word_1_81' title='bbox 411 2577 556 2676; x_wconf 91' lang='lat' dir='ltr'>pridem</span> <span class='ocrx_word' id='word_1_82' title='bbox 569 2588 740 2676; x_wconf 88' lang='lat' dir='ltr'>praetura</span> <span class='ocrx_word' id='word_1_83' title='bbox 753 2578 1015 2676; x_wconf 76' lang='lat' dir='ltr'>designabatur</span> <span class='ocrx_word' id='word_1_84' title='bbox 1025 2605 1104 2651; x_wconf 91' lang='lat' dir='ltr'>sese</span> <span class='ocrx_word' id='word_1_85' title='bbox 1120 2579 1297 2678; x_wconf 90' lang='lat' dir='ltr'>appellari</span> <span class='ocrx_word' id='word_1_86' title='bbox 1315 2588 1462 2677; x_wconf 87' lang='lat' dir='ltr'>praetu-</span> 
     </span>
     <span class='ocr_line' id='line_1_17' title="bbox 232 2702 1461 2801; baseline 0.001 -28"><span class='ocrx_word' id='word_1_87' title='bbox 232 2703 285 2773; x_wconf 87' lang='lat' dir='ltr'>lit.</span> <span class='ocrx_word' id='word_1_88' title='bbox 313 2702 359 2774; x_wconf 70' lang='grc' dir='ltr'>Εἰ</span> <span class='ocrx_word' id='word_1_89' title='bbox 386 2703 539 2774; x_wconf 83' lang='lat' dir='ltr'>fortasse</span> <span class='ocrx_word' id='word_1_90' title='bbox 562 2712 684 2774; x_wconf 89' lang='lat' dir='ltr'>tamen</span> <span class='ocrx_word' id='word_1_91' title='bbox 715 2728 759 2773; x_wconf 85' lang='lat' dir='ltr'>ex</span> <span class='ocrx_word' id='word_1_92' title='bbox 785 2702 1073 2774; x_wconf 86' lang='lat' dir='ltr'>Atheniensium</span> <span class='ocrx_word' id='word_1_93' title='bbox 1099 2702 1293 2788; x_wconf 73' lang='lat' dir='ltr'>institutiS,</span> <span class='ocrx_word' id='word_1_94' title='bbox 1325 2702 1461 2801; x_wconf 92' lang='lat' dir='ltr'>quibus</span> 
     </span>
     <span class='ocr_line' id='line_1_18' title="bbox 233 2825 1458 2925; baseline -0.001 -26"><span class='ocrx_word' id='word_1_95' title='bbox 233 2837 319 2899; x_wconf 89' lang='lat' dir='ltr'>tunc</span> <span class='ocrx_word' id='word_1_96' title='bbox 337 2825 486 2925; x_wconf 84' lang='lat' dir='ltr'>strategi</span> <span class='ocrx_word' id='word_1_97' title='bbox 505 2826 703 2899; x_wconf 91' lang='lat' dir='ltr'>auctoritas</span> <span class='ocrx_word' id='word_1_98' title='bbox 719 2827 835 2923; x_wconf 85' lang='lat' dir='ltr'>magis</span> <span class='ocrx_word' id='word_1_99' title='bbox 850 2825 1026 2924; x_wconf 90' lang='lat' dir='ltr'>pollebat,</span> <span class='ocrx_word' id='word_1_100' title='bbox 1040 2852 1176 2898; x_wconf 89' lang='lat' dir='ltr'>nomen</span> <span class='ocrx_word' id='word_1_101' title='bbox 1192 2836 1381 2898; x_wconf 84' lang='lat' dir='ltr'>mutuatus</span> <span class='ocrx_word' id='word_1_102' title='bbox 1391 2837 1458 2899; x_wconf 88' lang='lat' dir='ltr'>est.</span> 
     </span>
     <span class='ocr_line' id='line_1_19' title="bbox 233 2950 1461 3049; baseline -0.001 -26"><span class='ocrx_word' id='word_1_103' title='bbox 233 2952 341 3035; x_wconf 86' lang='lat' dir='ltr'>Quod</span> <span class='ocrx_word' id='word_1_104' title='bbox 357 2950 539 3024; x_wconf 89' lang='lat' dir='ltr'>incertum</span> <span class='ocrx_word' id='word_1_105' title='bbox 558 2951 742 3049; x_wconf 83' lang='lat' dir='ltr'>relinque.</span> <span class='ocrx_word' id='word_1_106' title='bbox 766 2951 859 3022; x_wconf 88' lang='lat' dir='ltr'>Nam</span> <span class='ocrx_word' id='word_1_107' title='bbox 877 2950 948 3022; x_wconf 93' lang='lat' dir='ltr'>hoc</span> <span class='ocrx_word' id='word_1_108' title='bbox 962 2950 1155 3048; x_wconf 92' lang='lat' dir='ltr'>proprium</span> <span class='ocrx_word' id='word_1_109' title='bbox 1175 2960 1231 3021; x_wconf 88' lang='lat' dir='ltr'>est</span> <span class='ocrx_word' id='word_1_110' title='bbox 1245 2951 1374 3023; x_wconf 87' lang='lat' dir='ltr'>aetatis</span> <span class='ocrx_word' id='word_1_111' title='bbox 1388 2976 1461 3049; x_wconf 90' lang='lat' dir='ltr'>qua</span> 
     </span>
     <span class='ocr_line' id='line_1_20' title="bbox 232 3074 1462 3173; baseline 0 -26"><span class='ocrx_word' id='word_1_112' title='bbox 232 3101 361 3148; x_wconf 88' lang='lat' dir='ltr'>reuera</span> <span class='ocrx_word' id='word_1_113' title='bbox 385 3085 582 3148; x_wconf 90' lang='lat' dir='ltr'>senescunt</span> <span class='ocrx_word' id='word_1_114' title='bbox 604 3075 729 3147; x_wconf 90' lang='lat' dir='ltr'>omnia</span> <span class='ocrx_word' id='word_1_115' title='bbox 751 3085 861 3173; x_wconf 86' lang='lat' dir='ltr'>atque</span> <span class='ocrx_word' id='word_1_116' title='bbox 882 3075 919 3146; x_wconf 93' lang='lat' dir='ltr'>in</span> <span class='ocrx_word' id='word_1_117' title='bbox 943 3074 1105 3146; x_wconf 86' lang='lat' dir='ltr'>deterius</span> <span class='ocrx_word' id='word_1_118' title='bbox 1126 3074 1314 3161; x_wconf 82' lang='lat' dir='ltr'>labuntur,</span> <span class='ocrx_word' id='word_1_119' title='bbox 1344 3100 1462 3173; x_wconf 87' lang='lat' dir='ltr'>pauca</span> 
     </span>
     <span class='ocr_line' id='line_1_21' title="bbox 232 3198 1461 3299; baseline 0.001 -29"><span class='ocrx_word' id='word_1_120' title='bbox 232 3199 403 3299; x_wconf 85' lang='lat' dir='ltr'>propria,</span> <span class='ocrx_word' id='word_1_121' title='bbox 431 3211 471 3270; x_wconf 89' lang='lat' dir='ltr'>ut</span> <span class='ocrx_word' id='word_1_122' title='bbox 496 3200 546 3272; x_wconf 88' lang='lat' dir='ltr'>ita</span> <span class='ocrx_word' id='word_1_123' title='bbox 566 3199 706 3285; x_wconf 86' lang='lat' dir='ltr'>dicam,</span> <span class='ocrx_word' id='word_1_124' title='bbox 734 3198 870 3272; x_wconf 88' lang='lat' dir='ltr'>habere</span> <span class='ocrx_word' id='word_1_125' title='bbox 897 3209 934 3271; x_wconf 88' lang='lat' dir='ltr'>et</span> <span class='ocrx_word' id='word_1_126' title='bbox 957 3198 1164 3298; x_wconf 87' lang='lat' dir='ltr'>praesentia</span> <span class='ocrx_word' id='word_1_127' title='bbox 1184 3225 1228 3271; x_wconf 86' lang='lat' dir='ltr'>ex</span> <span class='ocrx_word' id='word_1_128' title='bbox 1254 3199 1461 3298; x_wconf 86' lang='lat' dir='ltr'>praeteritis</span> 
     </span>
     <span class='ocr_line' id='line_1_22' title="bbox 232 3323 1072 3421; baseline 0.002 -26"><span class='ocrx_word' id='word_1_129' title='bbox 232 3324 440 3421; x_wconf 89' lang='lat' dir='ltr'>promiscue</span> <span class='ocrx_word' id='word_1_130' title='bbox 458 3323 730 3396; x_wconf 78' lang='lat' dir='ltr'>confluentibus</span> <span class='ocrx_word' id='word_1_131' title='bbox 750 3323 942 3396; x_wconf 82' lang='lat' dir='ltr'>informari</span> <span class='ocrx_word' id='word_1_132' title='bbox 965 3324 1072 3397; x_wconf 89' lang='lat' dir='ltr'>uelle.</span> 
     </span>
    </p>

    <p class='ocr_par' dir='ltr' id='par_1_7' title="bbox 229 3444 1477 3795">
     <span class='ocr_line' id='line_1_23' title="bbox 279 3444 1477 3548; baseline 0.001 -30"><span class='ocrx_word' id='word_1_133' title='bbox 279 3447 389 3531; x_wconf 84' lang='lat' dir='ltr'>Quod</span> <span class='ocrx_word' id='word_1_134' title='bbox 407 3448 454 3520; x_wconf 92' lang='lat' dir='ltr'>ad</span> <span class='ocrx_word' id='word_1_135' title='bbox 473 3459 619 3547; x_wconf 89' lang='lat' dir='ltr'>tempus</span> <span class='ocrx_word' id='word_1_136' title='bbox 639 3458 793 3548; x_wconf 87' lang='lat' dir='ltr'>spectat,</span> <span class='ocrx_word' id='word_1_137' title='bbox 816 3449 1054 3520; x_wconf 90' lang='lat' dir='ltr'>interuallum</span> <span class='ocrx_word' id='word_1_138' title='bbox 1074 3448 1171 3520; x_wconf 92' lang='lat' dir='ltr'>inter</span> <span class='ocrx_word' id='word_1_139' title='bbox 1187 3474 1305 3520; x_wconf 90' lang='lat' dir='ltr'>annos</span> <span class='ocrx_word' id='word_1_140' title='bbox 1324 3444 1477 3546; x_wconf 73' lang='lat' dir='ltr'>quibus&#39;</span> 
     </span>
     <span class='ocr_line' id='line_1_24' title="bbox 232 3572 1462 3671; baseline -0.001 -27"><span class='ocrx_word' id='word_1_141' title='bbox 232 3574 386 3670; x_wconf 86' lang='lat' dir='ltr'>Magnus</span> <span class='ocrx_word' id='word_1_142' title='bbox 416 3583 520 3671; x_wconf 87' lang='lat' dir='ltr'>pater</span> <span class='ocrx_word' id='word_1_143' title='bbox 545 3583 581 3645; x_wconf 92' lang='lat' dir='ltr'>et</span> <span class='ocrx_word' id='word_1_144' title='bbox 609 3572 793 3643; x_wconf 87' lang='lat' dir='ltr'>Maximus</span> <span class='ocrx_word' id='word_1_145' title='bbox 816 3573 913 3644; x_wconf 86' lang='lat' dir='ltr'>filius</span> <span class='ocrx_word' id='word_1_146' title='bbox 943 3573 1043 3644; x_wconf 93' lang='lat' dir='ltr'>idem</span> <span class='ocrx_word' id='word_1_147' title='bbox 1070 3573 1233 3644; x_wconf 89' lang='lat' dir='ltr'>officium</span> <span class='ocrx_word' id='word_1_148' title='bbox 1269 3582 1462 3671; x_wconf 83' lang='lat' dir='ltr'>gesserunt</span> 
     </span>
     <span class='ocr_line' id='line_1_25' title="bbox 229 3694 1324 3795; baseline 0 -27"><span class='ocrx_word' id='word_1_149' title='bbox 229 3696 442 3795; x_wconf 90' lang='lat' dir='ltr'>quindecim</span> <span class='ocrx_word' id='word_1_150' title='bbox 463 3706 524 3768; x_wconf 89' lang='lat' dir='ltr'>aut</span> <span class='ocrx_word' id='word_1_151' title='bbox 546 3694 679 3792; x_wconf 82' lang='lat' dir='ltr'>uiginti</span> <span class='ocrx_word' id='word_1_152' title='bbox 699 3696 806 3767; x_wconf 89' lang='lat' dir='ltr'>annis</span> <span class='ocrx_word' id='word_1_153' title='bbox 825 3697 949 3767; x_wconf 93' lang='lat' dir='ltr'>minus</span> <span class='ocrx_word' id='word_1_154' title='bbox 966 3697 1078 3768; x_wconf 88' lang='lat' dir='ltr'>fuisse</span> <span class='ocrx_word' id='word_1_155' title='bbox 1097 3723 1172 3768; x_wconf 94' lang='lat' dir='ltr'>non</span> <span class='ocrx_word' id='word_1_156' title='bbox 1191 3706 1324 3795; x_wconf 83' lang='lat' dir='ltr'>potest.</span> 
     </span>
    </p>

    <p class='ocr_par' dir='ltr' id='par_1_8' title="bbox 279 3819 1458 3919">
     <span class='ocr_line' id='line_1_26' title="bbox 279 3819 1458 3919; baseline -0.002 -27"><span class='ocrx_word' id='word_1_157' title='bbox 279 3821 322 3892; x_wconf 93' lang='lat' dir='ltr'>ln</span> <span class='ocrx_word' id='word_1_158' title='bbox 358 3822 566 3919; x_wconf 84' lang='lat' dir='ltr'>fragmento</span> <span class='ocrx_word' id='word_1_159' title='bbox 605 3819 704 3919; x_wconf 93' lang='lat' dir='ltr'>quod</span> <span class='ocrx_word' id='word_1_160' title='bbox 742 3819 837 3890; x_wconf 89' lang='lat' dir='ltr'>infra</span> <span class='ocrx_word' id='word_1_161' title='bbox 874 3821 1014 3918; x_wconf 77' lang='lat' dir='ltr'>posui2</span> <span class='ocrx_word' id='word_1_162' title='bbox 1052 3819 1288 3891; x_wconf 87' lang='lat' dir='ltr'>notissimum</span> <span class='ocrx_word' id='word_1_163' title='bbox 1323 3844 1458 3890; x_wconf 90' lang='lat' dir='ltr'>nomen</span> 
     </span>
    </p>
   </div>
   <div class='ocr_carea' id='block_1_7' title="bbox 231 3970 434 4044">
    <p class='ocr_par' dir='ltr' id='par_1_9' title="bbox 231 3970 434 4044">
     <span class='ocr_line' id='line_1_27' title="bbox 231 3970 434 4044; baseline -0.005 -26"><span class='ocrx_word' id='word_1_164' title='bbox 231 3971 407 4044; x_wconf 81' lang='lat' dir='ltr'>agnosces</span> <span class='ocrx_word' id='word_1_165' title='bbox 427 3970 434 4017; x_wconf 88' lang='lat'>:</span> 
     </span>
    </p>
   </div>
   <div class='ocr_carea' id='block_1_8' title="bbox 231 4130 1487 4559">
    <p class='ocr_par' dir='ltr' id='par_1_10' title="bbox 231 4130 1460 4291">
     <span class='ocr_line' id='line_1_28' title="bbox 269 4130 1460 4203; baseline 0.001 -19"><span class='ocrx_word' id='word_1_166' title='bbox 269 4134 294 4185; x_wconf 86' lang='lat' dir='ltr'>l.</span> <span class='ocrx_word' id='word_1_167' title='bbox 315 4131 346 4185; x_wconf 88' lang='lat' dir='ltr'>[n</span> <span class='ocrx_word' id='word_1_168' title='bbox 360 4132 480 4186; x_wconf 87' lang='lat' dir='ltr'>sinistro</span> <span class='ocrx_word' id='word_1_169' title='bbox 492 4133 584 4186; x_wconf 90' lang='lat' dir='ltr'>latere</span> <span class='ocrx_word' id='word_1_170' title='bbox 592 4131 698 4201; x_wconf 85' lang='lat' dir='ltr'>lapidis</span> <span class='ocrx_word' id='word_1_171' title='bbox 713 4132 781 4183; x_wconf 72' lang='lat'>1220</span> <span class='ocrx_word' id='word_1_172' title='bbox 794 4130 842 4201; x_wconf 84' lang='lat' dir='ltr'>(cs.</span> <span class='ocrx_word' id='word_1_173' title='bbox 853 4150 880 4202; x_wconf 89' lang='lat' dir='ltr'>p.</span> <span class='ocrx_word' id='word_1_174' title='bbox 890 4132 924 4183; x_wconf 78' lang='lat'>23</span> <span class='ocrx_word' id='word_1_175' title='bbox 939 4130 1006 4185; x_wconf 87' lang='lat' dir='ltr'>adn.</span> <span class='ocrx_word' id='word_1_176' title='bbox 1023 4132 1050 4200; x_wconf 73' lang='grc' dir='ltr'>ὃ)</span> <span class='ocrx_word' id='word_1_177' title='bbox 1066 4131 1152 4183; x_wconf 88' lang='lat' dir='ltr'>trium</span> <span class='ocrx_word' id='word_1_178' title='bbox 1169 4132 1379 4203; x_wconf 87' lang='lat' dir='ltr'>titulorumqui</span> <span class='ocrx_word' id='word_1_179' title='bbox 1395 4149 1460 4185; x_wconf 83' lang='lat' dir='ltr'>exa·</span> 
     </span>
     <span class='ocr_line' id='line_1_29' title="bbox 231 4220 888 4291; baseline 0.002 -18"><span class='ocrx_word' id='word_1_180' title='bbox 231 4221 285 4273; x_wconf 85' lang='lat' dir='ltr'>rati</span> <span class='ocrx_word' id='word_1_181' title='bbox 297 4227 365 4273; x_wconf 91' lang='lat' dir='ltr'>sunt</span> <span class='ocrx_word' id='word_1_182' title='bbox 377 4221 493 4276; x_wconf 90' lang='lat' dir='ltr'>infimus</span> <span class='ocrx_word' id='word_1_183' title='bbox 506 4222 642 4291; x_wconf 87' lang='lat' dir='ltr'>idemque</span> <span class='ocrx_word' id='word_1_184' title='bbox 656 4220 888 4291; x_wconf 88' lang='lat' dir='ltr'>antiquissimus.</span> 
     </span>
    </p>

    <p class='ocr_par' dir='ltr' id='par_1_11' title="bbox 231 4308 1487 4559">
     <span class='ocr_line' id='line_1_30' title="bbox 267 4308 1458 4382; baseline 0.002 -20"><span class='ocrx_word' id='word_1_185' title='bbox 267 4310 293 4362; x_wconf 81' lang='lat'>2.</span> <span class='ocrx_word' id='word_1_186' title='bbox 311 4309 340 4362; x_wconf 88' lang='lat' dir='ltr'>ln</span> <span class='ocrx_word' id='word_1_187' title='bbox 357 4310 482 4363; x_wconf 89' lang='lat' dir='ltr'>sinistro</span> <span class='ocrx_word' id='word_1_188' title='bbox 496 4309 587 4362; x_wconf 87' lang='lat' dir='ltr'>latere</span> <span class='ocrx_word' id='word_1_189' title='bbox 603 4309 708 4378; x_wconf 87' lang='lat' dir='ltr'>lapidis</span> <span class='ocrx_word' id='word_1_190' title='bbox 723 4309 792 4361; x_wconf 74' lang='lat'><strong>1884</strong></span> <span class='ocrx_word' id='word_1_191' title='bbox 804 4310 853 4379; x_wconf 92' lang='lat' dir='ltr'>qui</span> <span class='ocrx_word' id='word_1_192' title='bbox 868 4309 895 4361; x_wconf 93' lang='lat' dir='ltr'>in</span> <span class='ocrx_word' id='word_1_193' title='bbox 912 4308 1005 4361; x_wconf 86' lang='lat' dir='ltr'>antica</span> <span class='ocrx_word' id='word_1_194' title='bbox 1024 4325 1141 4380; x_wconf 88' lang='lat' dir='ltr'>quoque</span> <span class='ocrx_word' id='word_1_195' title='bbox 1160 4309 1280 4381; x_wconf 83' lang='lat' dir='ltr'>planitie</span> <span class='ocrx_word' id='word_1_196' title='bbox 1299 4310 1458 4382; x_wconf 88' lang='lat' dir='ltr'>inscriptus</span> 
     </span>
     <span class='ocr_line' id='line_1_31' title="bbox 231 4397 1487 4470; baseline 0.002 -21"><span class='ocrx_word' id='word_1_197' title='bbox 231 4403 278 4450; x_wconf 87' lang='lat' dir='ltr'>cst</span> <span class='ocrx_word' id='word_1_198' title='bbox 290 4404 319 4451; x_wconf 88' lang='lat' dir='ltr'>et</span> <span class='ocrx_word' id='word_1_199' title='bbox 333 4415 369 4452; x_wconf 84' lang='lat' dir='ltr'>ex</span> <span class='ocrx_word' id='word_1_200' title='bbox 384 4399 490 4470; x_wconf 84' lang='lat' dir='ltr'>angulo</span> <span class='ocrx_word' id='word_1_201' title='bbox 508 4403 651 4469; x_wconf 86' lang='lat' dir='ltr'>septentr.</span> <span class='ocrx_word' id='word_1_202' title='bbox 670 4398 775 4451; x_wconf 88' lang='lat' dir='ltr'>orient.</span> <span class='ocrx_word' id='word_1_203' title='bbox 798 4398 872 4450; x_wconf 87' lang='lat' dir='ltr'>muri</span> <span class='ocrx_word' id='word_1_204' title='bbox 891 4398 1035 4451; x_wconf 85' lang='lat' dir='ltr'>cecidisse</span> <span class='ocrx_word' id='word_1_205' title='bbox 1057 4397 1182 4453; x_wconf 90' lang='lat' dir='ltr'>uidetur.</span> <span class='ocrx_word' id='word_1_206' title='bbox 1202 4399 1331 4469; x_wconf 84' lang='lat' dir='ltr'>Vestigia</span> <span class='ocrx_word' id='word_1_207' title='bbox 1346 4399 1459 4453; x_wconf 89' lang='lat' dir='ltr'>littera·</span> <span class='ocrx_word' id='word_1_208' title='bbox 1482 4416 1487 4425; x_wconf 91' lang='lat'><strong>·</strong></span> 
     </span>
     <span class='ocr_line' id='line_1_32' title="bbox 231 4486 1457 4559; baseline 0.002 -21"><span class='ocrx_word' id='word_1_209' title='bbox 231 4502 295 4539; x_wconf 89' lang='lat' dir='ltr'>rum</span> <span class='ocrx_word' id='word_1_210' title='bbox 306 4487 417 4559; x_wconf 83' lang='lat' dir='ltr'>aliquot</span> <span class='ocrx_word' id='word_1_211' title='bbox 429 4487 533 4540; x_wconf 90' lang='lat' dir='ltr'>omitto</span> <span class='ocrx_word' id='word_1_212' title='bbox 548 4503 622 4559; x_wconf 88' lang='lat' dir='ltr'>quae</span> <span class='ocrx_word' id='word_1_213' title='bbox 638 4486 784 4558; x_wconf 87' lang='lat' dir='ltr'>posthaec</span> <span class='ocrx_word' id='word_1_214' title='bbox 798 4487 907 4539; x_wconf 85' lang='lat' dir='ltr'>incisae</span> <span class='ocrx_word' id='word_1_215' title='bbox 921 4486 999 4539; x_wconf 88' lang='lat' dir='ltr'>tertii</span> <span class='ocrx_word' id='word_1_216' title='bbox 1008 4486 1118 4539; x_wconf 86' lang='lat' dir='ltr'>decreti</span> <span class='ocrx_word' id='word_1_217' title='bbox 1131 4487 1245 4540; x_wconf 86' lang='lat' dir='ltr'>initium</span> <span class='ocrx_word' id='word_1_218' title='bbox 1256 4495 1457 4541; x_wconf 87' lang='lat' dir='ltr'>seruauerunt.</span> 
     </span>
    </p>
   </div>
   <div class='ocr_carea' id='block_1_9' title="bbox 0 0 1854 5684">
    <p class='ocr_par' dir='ltr' id='par_1_12' title="bbox 0 0 1854 5684">
     <span class='ocr_line' id='line_1_33' title="bbox 0 0 1854 5684; baseline 0 1"><span class='ocrx_word' id='word_1_219' title='bbox 0 0 1854 5684; x_wconf 95' lang='lat' dir='ltr'> </span> 
     </span>
    </p>
   </div>
  </div>
 </body>
</html>
