3700 5684
429 588 476 661 ὅθ
754 610 798 656 on
824 610 1104 656 aurunurouvn
1130 610 1333 659 annutans

427 772 565 846 oblitus
591 798 677 845 sane
708 771 809 843 illins
838 770 1037 843 Callistrati
1069 771 1219 844 Leontis
1251 773 1276 844 f.
1316 771 1465 869 Delphi,
1489 784 1655 870 σοφιστοῦ

427 895 648 995 cognomine
675 894 772 995 apud
800 896 973 993 aequales
999 894 1179 992 insigniti,
1207 922 1318 993 quem
1353 878 1575 967 Plutarchus
1600 892 1658 964 his

427 1028 553 1102 uerbis
577 1038 758 1101 memorat
777 1031 783 1073 ¹
815 1053 822 1099 :
850 1035 885 1100 ἐν
902 1018 1045 1111 Πυθίοις
1068 1020 1342 1127 Καλλίστρατος
1351 1033 1421 1101 τῶν
1440 1019 1657 1126 Ἀμφικτυό-

426 1179 494 1227 νων
516 1152 563 1227 ὢν
589 1149 819 1251 ἐπιμελητής.
831 1152 972 1225 Eodem
987 1151 1202 1251 magistratu
1215 1152 1376 1226 decorati
1391 1160 1658 1250 suntquattuor

428 1277 666 1376 autquinque
682 1277 867 1378 Hypataei
883 1288 919 1350 et
938 1276 1156 1349 Tithoraeus
1173 1261 1357 1359 Soolaru‘s,
1373 1276 1508 1375 quihus
1527 1274 1657 1348 adiuu-

428 1402 568 1501 gendos
587 1428 667 1475 esse
688 1402 854 1501 Delphos
868 1402 1070 1473 nonnullos
1090 1411 1235 1500 praeter
1253 1400 1502 1474 Callistratum
1524 1399 1656 1472 uerisi-

428 1529 529 1615 mile,
543 1527 842 1600 Chaeronensem
859 1553 947 1598 uero
965 1526 1203 1598 Plutarchum
1219 1525 1466 1598 certissimum
1487 1537 1554 1598 est.

476 1651 631 1724 Minime
651 1650 817 1751 profecto
837 1649 1061 1750 Nicopoleos
1073 1650 1221 1723 laudem
1237 1651 1404 1722 minuere
1422 1650 1521 1738 uolo,
1542 1675 1652 1747 quam

428 1803 536 1876 spero
562 1787 690 1849 eontra
714 1774 960 1847 illustraturos
989 1801 1068 1847 esse
1093 1801 1191 1848 noua
1223 1775 1329 1874 plane
1357 1775 1438 1847 luce
1464 1773 1655 1873 delphicos

427 1902 553 1974 titulos
568 1900 605 1973 in
622 1926 756 2000 eorpus
768 1898 934 1972 collatos.
950 1899 1022 1972 Sed
1039 1910 1179 1971 tantum
1197 1899 1299 1971 abest
1316 1909 1356 1970 ut
1375 1924 1503 1971 omnes
1516 1899 1655 1998 epime-

428 2026 522 2098 letae
551 2052 597 2096 ex
623 2022 685 2097 illa
712 2023 803 2095 urhe
837 2023 1019 2120 originem
1048 2023 1234 2104 duxerint,
1266 2034 1307 2094 ut
1334 2048 1462 2095 eorum
1490 2022 1653 2120 quinon

429 2148 584 2249 Delphis
597 2147 673 2220 nati
691 2158 796 2220 erant
810 2174 920 2246 quam
942 2147 1121 2247 plurimos
1140 2147 1310 2246 delphica
1329 2147 1476 2219 ciuitate
1496 2137 1656 2219 donatos

428 2299 508 2346 esse
534 2271 725 2372 probabile
760 2272 851 2344 mihi
885 2271 1065 2344 uideatur.
1094 2271 1212 2344 Cuius
1226 2272 1280 2343 rei
1296 2272 1465 2372 exempla
1480 2282 1656 2370 quattuor

428 2423 527 2469 nune
543 2398 714 2470 referam.
737 2396 887 2468 Decreti
907 2396 1006 2468 enim
1023 2398 1270 2495 fragmentum
1291 2407 1391 2469 extat
1407 2422 1445 2468 u.
1466 2397 1561 2468 2783
1581 2421 1655 2493 quo

427 2521 604 2593 Theoeles
624 2519 861 2593 Philoeaesar
874 2520 1155 2619 Nicopolitanns
1169 2520 1340 2592 laudatur
1362 2546 1370 2594 :
1394 2520 1509 2593 ibide
1531 2519 1655 2593 uerbis

428 2644 545 2727 δοῦναι
559 2658 656 2748 αὐτῷ
670 2645 896 2751 hollenstain]
919 2653 1174 2726 controuersia
1195 2652 1274 2725 fieri
1301 2680 1375 2726 non
1397 2664 1529 2753 potest.
1558 2653 1653 2725 Dein

427 2779 498 2850 hoe
513 2777 613 2876 quod
632 2778 670 2849 in
684 2777 763 2850 basi
784 2788 922 2850 statuae
943 2780 956 2823 ²
976 2777 1200 2877 insculptum
1218 2788 1296 2850 erat
1314 2778 1420 2876 quasi
1441 2777 1654 2851 luculentis-

427 2903 563 2975 simum
577 2902 686 2974 simul
705 2929 748 2975 ae
765 2900 1025 2975 breuissimum
1039 2902 1301 2975 dodumentum
1321 2914 1550 3002 proponatur
1571 2925 1579 2973 :

835 3081 952 3167 Ἀγαθή
973 3082 1074 3168 Τύχη.

529 3194 660 3264 Ἰουλίαν
675 3198 825 3284 Χρυσέαν,
848 3194 976 3264 Ἰουλίου
1007 3197 1012 3284 Ι
1040 3199 1190 3263 Σελεύκου
1209 3206 1368 3285 θυγατέρα,

517 3330 643 3397 γυναῖκα
658 3313 726 3379 Tio.
742 3313 895 3379 Κλαυδίου
923 3311 928 3401 Ι
957 3313 1076 3379 Κέλσου
1094 3312 1298 3380 Νικοπολίτου

515 3432 563 3494 καί
581 3428 698 3514 Δελφοῦ
713 3432 907 3513 ἐπιμεΙλητοῡ
926 3438 944 3510 ἡ
963 3433 1050 3506 πίλις
1070 3439 1088 3511 ἡ
1107 3429 1188 3494 Asa-

515 3553 574 3629 φῶν
588 3544 696 3630 ἀρετῆς
710 3549 797 3610 ἕνεκα
824 3541 830 3632 l
859 3545 963 3630 Πυθίῳ
984 3542 1167 3611 Ἀπόλλωνι.

475 3707 605 3782 Celsus
624 3709 718 3784 sieut
737 3710 915 3791 Theooles
936 3712 1217 3810 Nicopolitanus
1235 3721 1323 3784 erat.
1343 3711 1398 3784 De
1412 3711 1532 3810 patria
1552 3712 1653 3784 tertii

427 3858 556 3917 eorum
577 3860 671 3932 quos
684 3833 795 3906 modo
816 3834 892 3906 dixi
912 3822 1086 3933 quattuor
1100 3834 1379 3934 epimelet'arum
1400 3835 1452 3908 nil
1472 3836 1654 3909 affirmare

462 4040 488 4093 l.
510 4038 626 4102 Quaeri.
641 4040 756 4093 conuin.
782 4038 844 4107 Vll,
866 4041 892 4107 5,
911 4043 936 4106 l,
954 4057 982 4110 p.
999 4041 1051 4092 704
1064 4040 1086 4091 D
1098 4056 1105 4105 ;
1118 4040 1154 4093 cl.
1172 4039 1244 4093 ibid.
1270 4039 1317 4104 IV,
1332 4041 1357 4107 ί,
1373 4042 1398 4107 1,
1412 4059 1439 4111 p.
1452 4042 1504 4093 667
1516 4041 1552 4106 D;
1567 4046 1654 4112 atque

426 4129 514 4180 etiam
528 4128 563 4180 de
581 4128 639 4198 des.
664 4146 740 4181 orac.
758 4130 774 4180 2
792 4146 819 4199 p.
839 4129 892 4181 410
907 4130 932 4180 Α
951 4145 957 4182 ;
978 4121 1062 4198 ὀλίγον
1086 4127 1135 4198 πρὸ
1155 4123 1257 4182 Πυθίων
1277 4139 1328 4181 τῶν
1346 4128 1385 4181 ἐπὶ
1403 4128 1598 4200 Καλλιστράτου
1618 4129 1654 4183 de

425 4216 566 4269 archonte
581 4217 714 4287 intellegi
735 4233 792 4269 nou
818 4222 925 4287 potest,
953 4217 1030 4286 quod
1057 4217 1078 4271 l.
1107 4234 1223 4288 quoquo
1247 4218 1379 4270 Pomtow
1400 4218 1517 4271 tandem
1542 4218 1654 4271 uidisse

427 4304 532 4359 Philet.
549 4305 610 4356 LlV
623 4322 650 4374 p.
669 4307 717 4357 597
735 4305 801 4360 adn.
820 4306 852 4357 16
868 4322 1048 4376 magnopere
1064 4305 1189 4375 gaudem

462 4396 487 4448 2.
509 4393 544 4447 N.
557 4394 636 4446 2429.
651 4394 813 4464 Exsoripsit
826 4395 859 4448 G.
874 4394 968 4448 Colin.
