3700 5684
511 674 556 721 ou
582 675 862 722 auruicrroavn
889 675 1093 721 unianimis
1369 653 1416 722 49

184 825 248 924 qui
274 824 378 899 BCH
402 825 455 896 VI
482 852 520 925 p.
555 828 626 899 450
654 825 794 926 publici
822 826 915 899 iuris
947 828 1066 900 faetus
1098 838 1258 899 osteum
1291 838 1418 900 nostro

184 950 353 1022 conferas
371 976 523 1048 quaeso,
546 960 655 1048 atque
671 950 1029 1023 animaduertasillic
1047 951 1245 1023 Theoolem
1256 951 1418 1025 dilucide

188 1071 407 1170 ἐπιμελητὴν
435 1079 506 1148 τῶν
536 1066 792 1175 ’Apparatum
816 1075 1048 1148 nominatum
1073 1102 1165 1148 esse.
1188 1076 1309 1149 Facile
1330 1086 1418 1150 tunc

186 1223 322 1283 sumes,
351 1199 498 1298 opinor,
528 1210 685 1298 utroque
714 1200 796 1272 loco
828 1226 917 1272 uoce
957 1199 1272 1298 ἐπιμελητεύοντος
1324 1200 1418 1273 nihil

186 1321 257 1394 nisi
276 1322 462 1419 quandam
483 1322 699 1421 dignitatem
719 1326 1047 1423 magistratumque
1063 1325 1212 1424 proprie
1230 1323 1418 1423 designari

188 1465 222 1527 et
244 1453 359 1526 uerbo
384 1462 502 1530 αὐτῶν
530 1456 664 1529 iterum
692 1456 891 1556 significari
913 1458 1256 1557 arnphictyonicum
1294 1458 1419 1531 conci·

188 1577 280 1649 lium
300 1580 309 1623 ¹
333 1580 439 1652 cuius
464 1580 509 1652 de
529 1581 711 1654 sententia
729 1581 804 1679 egit
825 1581 1016 1656 Theoeles.
1039 1581 1210 1654 Eundem
1228 1583 1419 1678 magistra-

189 1713 267 1773 tum
283 1701 564 1777 indocumentis
578 1705 651 1777 iam
670 1706 767 1777 notis
787 1705 1102 1802 2quibussoctari
1113 1706 1257 1778 Petraei
1269 1705 1419 1779 Eubioti

191 1824 342 1899 nomina
376 1827 607 1902 illustrantur
637 1829 727 1901 illud
764 1833 830 1901 ont
850 1828 914 1924 τὴν
936 1828 1184 1925 ἑπιμελητεὶαν
1223 1841 1285 1903 aut
1320 1838 1417 1928 ἑντῇ

192 1947 420 2047 ἐπιμελητείᾳ
444 1953 642 2025 manifesto
680 1953 874 2049 significat.

243 2075 350 2162 Quod
376 2077 529 2149 fortasse
556 2104 631 2149 non
661 2076 760 2149 ualet
792 2077 837 2149 de
869 2077 977 2149 titulo
1012 2077 1173 2177 quodam
1202 2076 1279 2150 Ceo
1306 2103 1418 2176 quem

191 2205 289 2277 idem
320 2202 380 2273 uir
405 2199 641 2273 doctissimus
674 2202 951 2274 commentariis
980 2202 1173 2275 ornauit³.
1203 2203 1345 2301 Nempe
1373 2200 1419 2274 de

191 2337 318 2410 eadem
340 2360 431 2406 uoce
451 2332 766 2431 ἑπιμελητεύοντος
776 2360 839 2406 eos
855 2335 1034 2408 errauisse
1049 2336 1176 2408 statuit
1185 2335 1249 2434 qui
1259 2335 1421 2434 Augusti

191 2459 338 2533 Boeckh
359 2457 571 2557 exemplum
586 2459 702 2530 secuti
717 2485 798 2531 eam
819 2458 864 2532 ad
877 2458 1132 2556 magistratum
1148 2459 1194 2532 ab
1215 2460 1420 2532 Athenien-

189 2584 292 2656 sibus
311 2583 454 2655 insulae
467 2582 682 2681 impositum
701 2582 934 2656 rettulerunt.
954 2584 1061 2656 Illam
1072 2585 1185 2682 emm²
1209 2581 1420 2655 testimonio

188 2719 377 2808 praeterea
415 2706 607 2779 atticarum
659 2706 971 2807 inscriptionum4
1017 2708 1152 2797 adlat0,
1186 2733 1270 2780 cum
1308 2706 1422 2779 altera

192 2828 463 2931 ἐπιμεληθέντος
491 2830 701 2930 promiscue
722 2831 892 2931 usurpari
922 2831 1203 2904 demonstrauit.
1221 2830 1351 2929 Neque
1377 2829 1422 2901 de

193 2955 269 3041 Ceo
290 2981 410 3053 neque
425 2953 470 3027 de
487 2954 645 3027 Athenis
665 2955 837 3053 equidem
855 2982 955 3029 nunc
975 2955 1096 3029 habeo
1106 2981 1173 3028 cur
1190 2955 1419 3035 dissentiam,

194 3079 258 3153 sed
280 3079 381 3178 quod
403 3078 448 3151 ad
478 3079 643 3179 Delphos
667 3079 829 3178 pertinet
862 3079 1062 3154 admodum
1092 3079 1239 3153 diuersa
1273 3106 1332 3152 res
1353 3088 1420 3151 est.

195 3205 324 3303 Itaque
340 3204 372 3277 si
387 3203 477 3302 quid
499 3203 544 3275 de
564 3203 637 3275 illis
657 3203 748 3276 uiris
768 3230 861 3300 quos
882 3231 994 3305 supra
1020 3205 1213 3278 nominaui
1229 3215 1265 3277 et
1280 3204 1325 3276 de
1343 3204 1425 3302 qui-

194 3327 350 3401 busdam
366 3328 447 3401 aliis
464 3327 559 3400 tituli
571 3327 765 3400 docuerint
773 3329 972 3428 colligendi
989 3329 1176 3402 licentiam
1192 3329 1425 3429 impetrauis·

196 3479 234 3525 se
262 3452 354 3524 mihi
380 3451 522 3526 uideor.

246 3575 353 3648 Adde
369 3576 468 3675 quod
482 3604 528 3649 ne
548 3588 807 3675 argumentum
826 3577 979 3675 quidem
998 3605 1073 3676 quo
1094 3579 1140 3651 G.
1165 3577 1427 3675 Dittenberger

195 3726 286 3773 usus
306 3700 351 3773 ad
371 3701 587 3799 opinionem
608 3701 732 3774 minus
749 3712 870 3802 aptam
891 3701 1024 3773 ductus
1043 3712 1122 3774 erat
1139 3728 1178 3773 re
1196 3701 1276 3800 ipsa
1295 3701 1427 3772 confir·

198 3836 332 3898 matur.
353 3826 447 3897 Nam
463 3851 594 3897 omnes
608 3851 700 3923 quos
715 3824 994 3926 epimeletarum
1016 3851 1170 3897 munere
1188 3827 1334 3897 functos
1349 3849 1427 3896 esse

198 3959 339 4021 certum
371 3959 467 4022 esset
511 3949 654 4047 origine
687 3949 800 4023 fuisso
841 3949 1119 4047 Nicopolitanos
1166 3947 1425 4035 contendebat,

235 4200 259 4253 l.
281 4198 337 4252 Pro
349 4198 475 4270 eoquod
488 4205 534 4251 est
546 4197 575 4252 τὸ
586 4195 666 4253 κοινὸν
677 4208 728 4254 τῶν
755 4197 946 4270 Ἀμφικτυόνων
962 4198 1031 4251 alibi
1042 4201 1066 4250 οἱ
1081 4198 1262 4270 Ἀμφικτύονες
1277 4205 1427 4255 uocantur.

234 4288 259 4341 2.
282 4287 313 4341 Ε.
331 4304 360 4358 g.
377 4286 454 4340 BCH
461 4287 511 4339 XX
524 4305 572 4358 pp.
587 4288 720 4354 tao-tat,
737 4287 798 4341 724.

236 4376 262 4429 3.
281 4374 355 4447 Syll.
372 4376 463 4430 Inscr.
481 4376 532 4430 Gr.
546 4378 596 4431 396
608 4376 675 4435 adn.
692 4379 718 4432 2.

236 4463 262 4518 4.
283 4464 458 4518 Praesertim
477 4465 517 4519 IG
531 4464 567 4518 lll
582 4465 644 4533 393,
661 4466 722 4520 532.
