3700 5684
679 654 723 700 nu
749 653 994 701 sncnourmvs
1212 703 1214 705 ,
1400 632 1445 700 27

223 807 270 878 tis
305 807 557 879 nominatur¹.
602 807 675 880 Hic
702 831 865 905 quoqne,
906 804 1126 877 Tithoraeus
1163 806 1321 904 origine,
1353 808 1448 879 ciuis

223 930 413 1029 delphicus
441 931 558 1035 factus
587 941 642 1002 est
673 930 935 1028 delphicasque
964 929 1162 1026 dignitates
1197 929 1317 1003 induit
1344 955 1352 1002 :
1390 930 1448 1002 bis

224 1054 322 1126 enim
340 1055 477 1127 archon
502 1054 572 1127 fuit
599 1054 687 1128 satis
711 1056 836 1153 longo,
866 1064 907 1125 nt
931 1054 1090 1143 uidetur,
1118 1053 1328 1127 interuallo.
1352 1056 1447 1127 Nam

162 1210 167 1221 ·
224 1154 527 1251 titulum'hunot
555 1179 719 1278 primum
744 1178 912 1250 omnium
933 1204 1012 1250 esse
1038 1178 1174 1277 quibus
1201 1179 1281 1251 eius
1310 1205 1446 1251 nomen

223 1302 425 1380 illustretur
442 1302 512 1375 nisi
531 1304 639 1406 fallor
658 1302 865 1402 apparebit.

491 1511 604 1597 Δελφοὶ
619 1517 730 1577 ἔδωκαν
747 1511 783 1575 Γ.
802 1510 989 1596 Καριστανίῳ
1007 1511 1125 1596 Σαγάρι

489 1633 655 1693 πολειτείαν
673 1630 750 1713 αὐτῷ
768 1631 817 1693 καὶ
834 1630 967 1711 ἑκγίνοις
986 1630 1073 1692 αὑτοῦ

488 1748 697 1827 προμαντείαν,
717 1743 885 1827 προξενίαν,
906 1747 1070 1827 προδικίαν,

495 1858 627 1939 ἀσυλίαν,
645 1863 815 1943 προεδρίαν,
833 1858 968 1924 ἀτέλειαν
984 1862 1091 1936 πᾶσαν,
1111 1863 1167 1942 γᾶς

490 1977 539 2038 καὶ
553 1974 647 2050 οίκίας
666 1979 798 2055 ἔνκτηοιν
814 1979 862 2038 καί
876 1967 974 2040 τᾶλλα
991 1979 1071 2054 τίμια
1085 1977 1139 2040 ’όσα

488 2104 550 2166 τοῖς
568 2094 673 2166 καλοῖς
691 2095 740 2154 καί
759 2089 881 2173 ἀγαθοῖς
898 2090 1018 2174 ἀνδράσι
1037 2094 1158 2155 δίδοται.

489 2202 658 2290 Ἃρχοντος
677 2203 717 2268 Τ.
735 2205 868 2271 Φλαίίου
887 2204 1065 2290 Σωκλάρου,
1087 2208 1213 2283 βουλευ-

492 2323 581 2387 ἑντων
600 2321 745 2402 Δάμωνος
760 2335 811 2386 τοῦ
830 2321 969 2386 Ποπλίου
984 2324 1032 2385 καὶ
1048 2321 1120 2402 Μη-

489 2441 550 2501 νίου
564 2449 615 2502 τοῦ
633 2436 802 2522 Σωτηρίδα.

270 2623 307 2695 Si
327 2639 544 2723 argumento
564 2629 695 2700 eodem
711 2655 785 2726 quo
798 2639 882 2700 ante
899 2655 986 2700 usus
1002 2629 1211 2700 Damonem
1231 2626 1446 2724 Euphrosy-

223 2747 261 2818 ni
291 2748 390 2821 illius
421 2762 563 2848 patrem
592 2753 705 2824 fuisse
736 2753 800 2850 qui
836 2751 989 2824 buleuta
1023 2750 1260 2848 Euthydamo
1297 2748 1448 2821 tertium

223 2873 396 2945 archonte
420 2886 647 2947 memoratur
668 2886 705 2947 ct
730 2919 778 2930 -
797 2875 897 2973 quod
916 2874 1177 2974 probabilitate
1199 2872 1324 2944 minus
1344 2872 1451 2944 desti·

223 3001 343 3068 tutum
361 2997 508 3071 uidetur
523 3043 571 3057 -
599 3000 761 3072 Meniam
789 2999 934 3072 Meniae
963 2999 1062 3071 illius
1092 3009 1235 3097 patrem
1252 2997 1365 3069 fuisse
1385 2996 1449 3095 qui

223 3128 326 3203 Simo
346 3133 521 3205 archonte
542 3124 681 3229 Μηνίας
702 3125 840 3228 Μηνίου
868 3141 1103 3231 nuncupatur
1119 3141 1295 3221 statuero,
1318 3156 1364 3202 ex
1379 3129 1450 3202 hoe

224 3253 415 3328 Soclarum
433 3258 620 3330 archontis
635 3258 797 3330 officium
812 3259 974 3357 primum
991 3254 1177 3355 accepisse
1196 3255 1350 3327 fortasse
1365 3264 1450 3326 ante

224 3380 313 3479 imp.
347 3381 419 3452 Titi
450 3407 587 3453 annum
615 3393 677 3455 aut
700 3394 798 3454 certe
818 3382 941 3481 paullo
969 3392 1052 3480 post
1082 3380 1290 3453 subsumes,
1319 3381 1451 3451 Annos

193 3546 197 3552 ·
224 3504 337 3600 igitur
370 3504 516 3578 circiter
542 3507 673 3604 uiginti
707 3518 902 3605 postquam
937 3505 1165 3578 Caristanins
1185 3504 1336 3603 quidam
1357 3504 1448 3574 mihi

222 3628 369 3726 ignotus
386 3628 554 3727 delphica
572 3630 719 3702 ciuitate
735 3630 892 3701 donatus
907 3639 975 3716 est,
995 3628 1203 3701 Caristanio
1217 3627 1445 3726 proconsuli,

222 3752 352 3825 eodem
374 3754 525 3827 Scolaro
552 3755 685 3825 iterum
704 3753 893 3841 archonte,
923 3752 1061 3851 Delphi
1095 3762 1252 3824 statuam
1273 3750 1448 3822 decreue-

224 3881 374 3951 runt³:

260 4166 285 4218 l.
306 4163 385 4217 BCH
398 4163 447 4216 XX
462 4181 510 4234 pp,
526 4164 658 4230 lanian
674 4161 712 4216 cl.
724 4162 798 4215 infra
812 4178 876 4233 cap.
890 4160 900 4214 1
913 4164 926 4229 ξ
944 4160 992 4215 IV.

261 4255 286 4306 2.
308 4254 344 4309 N.
372 4254 434 4306 901.
462 4255 538 4305 Ante
559 4251 808 4324 opisthodomum,
836 4251 907 4304 calc.
930 4250 1007 4320 lapis
1032 4266 1115 4302 muro
1137 4247 1240 4319 templi
1265 4246 1448 4301 tribuendus.

261 4343 287 4394 3.
308 4341 464 4409 lunarat,
479 4342 547 4393 3325
558 4358 565 4395 ι
577 4341 634 4394 duo
644 4341 799 4393 marmorei
812 4339 924 4410 lapides
935 4357 970 4393 ex
984 4345 1174 4393 monumento
1182 4336 1260 4408 quod
1275 4336 1305 4391 L.
1316 4336 1453 4389 Aimillus

226 4428 346 4501 deroga
363 4431 451 4485 Perse
466 4430 733 4501 Macedonibusque
751 4429 878 4501 Apollini
894 4433 1127 4483 consecrauerat.
