3700 5684
730 668 923 716 conmvsro
1393 644 1441 714 95

214 823 422 921 gratissimo
473 822 598 894 animo
643 820 801 918 benigne
842 821 1020 893 intentam
1059 821 1097 892 in
1142 820 1266 918 Pythii
1315 821 1440 893 sedem

214 947 480 1046 imperatorum
513 957 550 1018 et
568 945 784 1045 praesertim
810 944 989 1016 Hadriani
1018 955 1180 1017 mentem
1203 957 1438 1019 memoraret.

215 1071 359 1144 Reuera
385 1072 485 1143 enim
528 1069 691 1142 uidimus
725 1096 867 1141 sacram
896 1068 1027 1140 urbem
1053 1069 1301 1168 locupletibus
1334 1071 1442 1143 donis

215 1196 438 1268 cumulatam
456 1194 726 1292 magnificoque
747 1192 925 1267 suburbio
944 1204 1088 1266 auctam
1103 1205 1137 1265 et
1152 1193 1275 1266 denuo
1291 1196 1443 1268 Graecis

215 1320 389 1392 omnibus
423 1319 613 1418 religionis
650 1319 851 1391 sacrarium
879 1319 1024 1391 laetam.
1055 1319 1103 1389 Vt
1133 1319 1441 1391 caerimoniarum

216 1444 412 1544 participes
431 1453 554 1516 essent
570 1443 750 1541 ludosque
775 1441 1156 1541 spectarentundique
1174 1443 1443 1517 concurrebant

214 1569 384 1641 homines
425 1569 470 1641 ad
507 1565 667 1668 ὀμφαλὸν
686 1576 766 1666 γῆς,
790 1567 1055 1639 aestimabatur
1072 1567 1223 1667 plurimi
1264 1568 1357 1641 ciuis
1407 1582 1444 1643 et

215 1693 394 1767 senatoris
448 1692 608 1793 delphici
659 1693 790 1779 honos
839 1693 918 1765 laus
963 1719 1008 1763 ex
1059 1692 1204 1790 Pythiis
1259 1705 1362 1792 parta
1408 1708 1444 1769 et
1544 1716 1549 1725 “

145 1832 155 1846 “
215 1818 529 1917 Amphictyonica
568 1816 728 1913 dignitas
765 1843 839 1888 non
872 1843 1091 1914 magnorum
1130 1816 1203 1889 iam
1246 1819 1442 1890 nominum

215 1941 367 2014 umbrae
388 1968 466 2013 esse
481 1941 715 2013 uidebantur.
735 1940 854 2015 Maior
871 1966 1048 2013 numerus
1067 1967 1215 2039 quoque
1234 1942 1352 2014 lactus
1366 1953 1445 2016 erat

216 2093 344 2139 eorum
382 2067 445 2165 qui
478 2067 599 2138 Deum
626 2064 791 2164 quotidie
816 2063 1000 2145 colebant,
1019 2075 1055 2137 et
1083 2066 1230 2164 utrique
1263 2066 1443 2139 sacerdoti

215 2190 368 2264 aderant
387 2191 493 2262 multi
510 2191 575 2289 qui
594 2189 687 2261 nihil
706 2190 830 2288 potius
844 2189 890 2261 ab
908 2190 1087 2262 Romanis
1106 2188 1312 2263 didicerant
1331 2217 1442 2289 quam

216 2326 356 2387 certum
402 2315 682 2412 magistratuum
727 2314 897 2386 ordinem
936 2313 1229 2387 observandum:
1278 2314 1442 2388 nobilem

215 2440 355 2512 scilicet
392 2438 577 2538 Apollinis
616 2465 773 2539 puerum
813 2439 1024 2538 Hosiosque
1049 2450 1090 2511 'et
1127 2440 1253 2537 Pythii
1284 2431 1443 2517 σύνδικον

214 2563 363 2636 laudare
383 2575 439 2637 sat
457 2574 524 2649 est,
543 2563 765 2662 quibuscum
798 2565 926 2663 ἀρχηίς
954 2574 991 2635 et
1013 2564 1160 2662 Pythia,
1181 2576 1221 2636 ut
1243 2580 1387 2638 ceteros
1407 2575 1443 2637 et

213 2689 329 2787 ipsius
346 2687 531 2786 Apollinis
550 2700 586 2759 et
605 2688 740 2760 Bacchi
764 2688 954 2760 ministros
972 2698 1253 2787 ceterorumque
1277 2690 1440 2761 Deorum

212 2813 420 2886 sacerdotes
462 2814 703 2911 praeteream,
747 2810 1035 2911 splendidiorem
1077 2838 1218 2884 sacram
1266 2839 1443 2912 pompam

212 2937 408 3010 faciebant.
440 2936 624 3029 Ciuilibus
657 2937 768 3009 etiam
793 2936 903 3009 rebus
937 2949 1130 3035 praeerant
1160 2963 1245 3009 cum
1266 2934 1441 3010 archonte

213 3062 386 3134 buleutae
411 3071 660 3160 prytanesque
686 3073 721 3133 et
751 3061 934 3159 demiurgi
961 3061 1156 3160 insigniori
1183 3074 1373 3161 apparatu,
1405 3073 1445 3134 ut

215 3186 374 3274 uidetur,
396 3212 508 3285 quam
535 3186 790 3284 superioribus
807 3186 1050 3285 temporibus.

264 3310 372 3396 Quod
401 3310 610 3407 significant
640 3311 710 3409 ipsi
738 3310 835 3383 tituli
867 3311 932 3410 qui
959 3337 1033 3383 non
1062 3306 1188 3410 plures
1212 3322 1354 3385 tantum
1381 3311 1444 3385 sed

214 3428 331 3499 multo
369 3427 574 3498 accuratius
609 3452 758 3525 quoque
787 3435 823 3499 et
853 3429 1060 3525 elegantius
1088 3426 1157 3499 sub
1194 3429 1306 3500 finem
1334 3428 1445 3527 primi

215 3551 350 3624 saeculi
372 3551 563 3648 magisque
583 3551 695 3623 etiam
716 3577 782 3650 per
796 3552 967 3635 alterum,
987 3551 1073 3624 inde
1093 3551 1139 3624 ab
1153 3553 1182 3622 'l
1184 3554 1313 3625 raiano
1330 3553 1445 3626 ferme

217 3675 394 3773 usquead
414 3675 636 3774 Septimium
652 3676 845 3760 Seuerum,
863 3676 971 3748 incisi
994 3687 1097 3749 sunt.

265 3798 336 3870 Sed
357 3826 430 3871 non
447 3800 599 3872 lortuito
617 3800 780 3899 quodam
805 3827 890 3873 casu
909 3800 1040 3872 collata
1057 3811 1144 3872 sunt
1163 3813 1331 3899 tempora
1352 3828 1446 3899 quae

211 3910 299 3995 ¹ante
314 3925 543 3996 restitutores
563 3925 646 3996 illos
665 3925 800 3996 ueteris
815 3925 1002 4023 θρησκείας
1021 3937 1058 3997 et
1076 3951 1170 4024 quae
1193 3935 1276 4024 post
1294 3910 1445 3996 eosdem

216 4046 330 4137 fuere,
367 4070 451 4120 cum
483 4060 620 4121 statuas
649 4047 837 4145 Caligulae
869 4048 986 4121 sorori
1016 4059 1052 4121 et
1078 4050 1169 4148 imp.
1201 4049 1446 4121 Constantino

217 4172 347 4244 eodem
372 4171 483 4244 modo
508 4173 545 4244 in
566 4173 681 4270 gradu
712 4174 840 4272 templi
865 4174 1005 4273 positas
1036 4201 1115 4246 esse
1141 4173 1445 4245 memorauimus.

110 4313 115 4319 ·
217 4296 298 4368 Non
333 4297 432 4368 enim
472 4297 509 4368 in
545 4309 735 4371 aeternum
781 4308 822 4368 ut
858 4299 1079 4371 Plutarchus
1120 4299 1257 4395 aliique
1296 4297 1446 4370 credere

215 4430 416 4519 potuerunt
429 4420 493 4492 sed
509 4446 583 4495 non
600 4421 845 4517 multomagis
858 4434 1132 4520 quamcentum
1149 4446 1266 4495 annos
1284 4420 1448 4518 Delphos
