3700 5684
370 564 416 634 74
717 589 761 637 os
787 590 1040 639 mrsnsronvn
1067 590 1242 638 rrrsrvms

368 740 489 814 centia
499 767 610 840 quam
622 767 769 840 sperare
780 770 853 816 non
867 755 1061 842 potuerant
1072 755 1109 816 et
1118 769 1229 842 quam
1238 769 1368 816 omnes
1378 742 1592 843 prouinciae

368 865 497 939 eadem
508 876 626 941 aetate
644 892 791 941 summo
813 867 948 967 gaudio
968 867 1273 941 admirabantur:
1299 892 1439 941 sacram
1461 867 1590 940 urbem

368 999 588 1090 restitutam,
617 1011 799 1091 ornatam,
823 1012 968 1074 auctam
1000 1001 1096 1076 dico.
1128 1002 1197 1075 Illa
1223 1001 1323 1074 enim
1346 996 1431 1100 ἔργα
1456 999 1593 1099 quibus

369 1123 520 1197 Pudens
537 1125 801 1199 frumentarius
819 1127 1028 1225 praefectus
1047 1136 1139 1216 erat,
1158 1129 1225 1199 ὑπὸ
1248 1116 1431 1225 Ἀδριανοῦ
1458 1151 1593 1198 κατασ-

368 1254 600 1356 κευαζόμενα,
651 1257 860 1332 nibilaliud
886 1270 973 1332 sunt
1006 1286 1117 1358 quam
1148 1260 1313 1359 porticus
1350 1270 1387 1331 et
1410 1259 1532 1332 fontes
1557 1268 1598 1330 et

368 1380 534 1455 aedilicia
563 1381 699 1480 quibus
724 1383 862 1481 Pylaea
885 1394 974 1456 tuno
995 1384 1177 1456 effloruit:
1219 1384 1311 1457 haec
1340 1383 1466 1456 omnia
1497 1381 1594 1454 uidit

368 1505 589 1579 Plutarchus
617 1507 754 1607 quippe
774 1509 839 1607 qui
864 1508 1071 1609 principem
1097 1507 1271 1581 laudibus
1287 1506 1459 1581 extulerit
1487 1505 1593 1580 ouius

367 1628 548 1703 beneficio
558 1631 664 1729 quasi
675 1658 796 1706 nouus
811 1634 973 1733 populus
985 1633 1140 1732 Delphis
1158 1632 1322 1705 adiectus
1338 1643 1435 1705 esset
1452 1633 1482 1703 ¹:
1500 1629 1593 1732 φιλῶ

366 1766 426 1837 τὸν
448 1763 676 1864 καθηγεμόνα
694 1766 830 1860 ταύτης
858 1774 923 1861 τῆς
946 1764 1127 1850 πολιτείας
1150 1765 1341 1865 γενόμενον
1356 1769 1444 1865 ἡμῖν
1472 1765 1594 1838 καὶτὰ

304 1957 311 1972 ,
366 1886 519 1962 πλεῖστα
533 1889 670 1963 τούτων
694 1887 959 1991 ἐκφροντίζοντα
984 1890 1044 1962 καὶ
1060 1888 1387 1988 παρασκευάζοντα.
1405 1887 1593 1975 Quamob-

260 2052 263 2057 >
368 2038 446 2084 rem
469 2012 505 2085 in
526 2013 584 2085 his
604 2013 838 2113 potissimum
855 2015 963 2088 annis
987 2026 1036 2105 et,
1055 2026 1095 2087 ut
1117 2014 1280 2114 pressius
1301 2016 1443 2114 loquar,
1465 2040 1498 2088 a.
1523 2014 1593 2087 119

368 2146 431 2209 aut
451 2136 520 2209 120
540 2138 778 2210 collocauerit
794 2139 877 2238 quis
900 2140 1062 2239 priorem
1087 2138 1283 2238 epistulam
1298 2138 1344 2212 ab
1376 2139 1531 2238 Delphis
1546 2137 1592 2243 ad

369 2251 599 2324 Hadrianum
619 2252 769 2327 missam
791 2279 798 2327 :
821 2254 885 2327 sed
905 2256 1000 2328 hanc
1017 2255 1265 2328 coniecturam
1287 2254 1439 2326 minime
1458 2253 1594 2354 proba-

368 2374 483 2447 bilem
516 2401 595 2450 esse
623 2376 719 2450 infra
748 2378 1023 2451 demonstrabo.
1062 2379 1229 2450 Praestat
1262 2377 1374 2475 igitur
1415 2377 1593 2450 nonnulla

369 2499 590 2574 documenta
616 2528 710 2600 quae
739 2502 950 2576 Hadrianus
982 2503 1083 2576 misit
1104 2505 1278 2603 colligere
1298 2504 1592 2603 breuissimoque

369 2627 637 2700 commentario
652 2627 859 2700 enucleare.

419 2750 587 2823 Primum
609 2751 669 2823 hio
692 2753 816 2824 locum
839 2752 1006 2826 obtinere
1031 2752 1124 2826 mihi
1144 2752 1292 2827 uidetur
1310 2753 1466 2853 epistula
1482 2779 1593 2852 quae-

369 2873 454 2947 dam
469 2876 574 2947 cuius
594 2876 707 2949 altera
725 2902 811 2976 pars
829 2903 893 2950 sex
914 2878 1116 2975 fragments
1136 2881 1149 2924 ί
1166 2890 1311 2952 seruata
1325 2888 1393 2953 est.

1025 3140 1130 3190 ...ς
1179 3110 1234 3197 [τὰ
1285 3110 1457 3198 ebubeher&

1019 3226 1083 3313 τθίν
1142 3225 1324 3294 Ἀπόλλωνα
1370 3239 1420 3295 τὸν
1472 3232 1582 3296 Πύθιον

1186 3359 1245 3410 εἰον
1296 3356 1359 3423 τοῖς
1417 3343 1584 3431 Ἀμφικτύ-

291 3451 350 3539 [οσι
628 3540 632 3547 '
1069 3457 1120 3545 tl&
1168 3467 1209 3546 τῷ
1256 3466 1405 3546 κεφαλαίῳ
1458 3487 1584 3546 προστε-

291 3569 391 3657 [θέντα
1067 3573 1151 3660 zlapi
1184 3583 1242 3640 τῶν
1281 3576 1381 3653 ξενίων
1419 3579 1506 3642 τίθεν
1543 3583 1587 3643 δεῖ
1654 3577 1676 3641 5

1085 3688 1224 3775 τ1ἑτερον
1239 3695 1273 3756 ἐκ
1289 3700 1347 3756 τῶν
1358 3704 1407 3756 τοῦ
1430 3700 1497 3758 θεοῦ
1509 3720 1585 3779 χρη·

291 3800 404 3889 [μάτων
1109 3809 1196 3871 αὑτοῦ
1217 3812 1369 3892 πατρίδος,
1387 3812 1456 3892 περὶ
1469 3812 1585 3873 πάντων

899 3918 1152 4007 θιαγ]ν[ὠσ]ομαι.
1186 3918 1360 3988 Ἡκέτωσαν
1383 3928 1414 3989 δὲ
1435 3928 1484 3989 καὶ
1505 3924 1586 3990 Θεσ-

292 4031 392 4119 [σαλοί
428 4040 430 4045 ’
1001 4064 1038 4103 τοι
1083 4043 1280 4120 διανείμαντες
1295 4039 1331 4104 τὰ
1346 4047 1488 4125 χρήματα
1505 4042 1586 4106 αὗταί

407 4293 433 4348 1.
454 4292 496 4345 De
510 4292 599 4362 Pyrr.
616 4311 693 4349 orac.
707 4295 752 4362 29,
768 4313 799 4366 p.
814 4296 864 4348 40⁴1
881 4314 907 4351 c.

406 4381 433 4435 2.
454 4379 518 4434 NN.
533 4380 595 4449 575,
612 4382 691 4449 1363,
705 4384 784 4453 1851,
800 4384 863 4451 401,
877 4385 940 4449 811,
959 4385 1037 4441 1096.
