3700 5684
414 577 462 648 34
621 641 626 645 .
866 601 912 647 os
938 599 1182 649 sncnoumnvs

413 753 475 826 dio
494 754 559 825 sed
579 753 733 854 Nigrino
752 752 876 852 polius
895 753 991 843 tulii,
1005 753 1104 825 illius
1124 752 1350 853 Onesiphori
1361 779 1476 854 nepos
1494 752 1642 825 uidetur

414 904 493 950 esse
513 903 626 975 quem
641 876 677 949 in
698 876 847 949 decreto
862 875 963 976 quod
979 877 1082 950 Simo
1097 878 1272 950 archonte
1293 877 1538 976 perscriptum
1557 878 1565 922 ¹
1585 888 1641 949 est

413 1002 647 1075 nominatum
668 1002 887 1101 reperimus.
910 1002 962 1074 bl.
986 1013 1108 1074 sulem
1138 1002 1344 1074 Pacuuium
1373 1000 1549 1100 Optatum
1574 1001 1640 1100 qui

414 1127 555 1225 legatus
571 1125 618 1199 ad
636 1151 782 1225 procos.
803 1125 1050 1199 Carislanium
1076 1110 1262 1198 lulianum
1281 1151 1302 1197 a
1324 1124 1480 1226 Delphis
1503 1126 1641 1200 electus

414 1259 481 1340 est,
499 1250 638 1323 diutius
655 1276 767 1349 quam
786 1250 921 1350 uiginti
936 1276 1054 1322 annos
1073 1260 1283 1349 expectasse
1298 1259 1496 1349 antequam
1509 1250 1640 1323 buleu-

413 1385 471 1448 tae
491 1375 709 1474 dignitatem
728 1374 899 1448 indueret
913 1374 977 1447 uix
994 1374 1165 1474 accipias.
1184 1375 1418 1474 Quapropter
1432 1374 1529 1447 inler
1545 1373 1639 1448 duos

414 1498 497 1573 illos
530 1525 647 1572 annos
678 1524 838 1598 quorum
878 1498 1116 1598 pythodorus
1159 1524 1368 1598 eponymus
1404 1524 1484 1571 esse
1518 1500 1639 1598 potuit

415 1623 679 1722 praeferendus
699 1635 755 1697 est
772 1623 887 1722 prior,
912 1623 1153 1697 llllscilicel.

461 1747 534 1821 Sed
545 1747 688 1821 elidem
698 1747 855 1847 Optatus
865 1773 977 1845 quem
989 1773 1074 1820 cum
1086 1747 1284 1820 Plutarcho
1295 1746 1638 1820 amicitiaconiunc·

411 1883 491 1944 lum
515 1872 627 1945 luisse
652 1872 842 1971 probabile
866 1883 922 1945 est
938 1874 965 1957 ²³,
990 1897 1057 1944 suo
1077 1873 1158 1943 loco
1180 1871 1317 1944 archon
1343 1871 1412 1944 luit
1437 1872 1498 1969 (N.
1526 1872 1633 1960 1272,

414 1994 479 2067 ubi
496 2022 571 2068 non
592 1996 726 2095 scripte
741 2008 840 2086 sunl,
862 2007 903 2068 ut
920 1996 1080 2094 saepius,
1103 1994 1336 2067 buleutarum
1355 1996 1535 2092 nomine).

460 2122 538 2193 Aut
551 2120 676 2219 paullo
691 2129 775 2193 aule
789 2119 915 2218 optati
934 2145 1086 2197 annum.
1105 2129 1168 2192 aut
1182 2119 1305 2218 paullo
1322 2130 1416 2218 post,
1429 2119 1493 2191 sed
1509 2120 1635 2218 utique

410 2268 486 2315 non
513 2243 625 2341 longo
657 2242 871 2334 interuallo,
906 2243 1045 2316 incisus
1075 2253 1130 2317 est
1158 2242 1217 2315 hic
1248 2242 1409 2315 litulus³
1433 2242 1539 2317 cuius
1561 2244 1635 2316 iam

410 2367 637 2440 mentionem
657 2368 728 2441 leci
747 2392 754 2440 :

409 2531 571 2635 Ποίπλίον)
616 2545 800 2636 Ἐγνά(τιον)
840 2547 1003 2636 11ο(πλίου)
1044 2547 1207 2635 Ἰρησιανον
1251 2548 1357 2636 [letoio
1401 2546 1634 2635 Νι]κοπ[ολίτην

1507 2661 1634 2751 Δελφοὶ]

410 2780 528 2867 Δελφὸν
543 2785 682 2863 ἐποίησαν
699 2786 748 2847 καὶ
766 2786 942 2863 βουλευτήν,
966 2780 1082 2867 [ἔδοσάν
1102 2778 1148 2865 :le

408 2899 486 2983 αὐτῷ
503 2901 553 2962 καὶ
569 2901 702 2982 ἐκγόνοις
718 2900 806 2962 αὑτοῦ
826 2895 923 2975 ἂτοῖς
940 2902 1045 2974 καλοῖς
1063 2902 1112 2962 καί
1129 2897 1205 2980 ἀγα·

408 3019 471 3090 cen
492 3013 627 3098 ἀνδράσιν
645 3018 766 3087 δίδοται,
782 3019 993 3098 προμαντείαν,
1013 3019 1186 3098 προνομίαν,

407 3131 463 3212 γᾶς
482 3131 532 3192 καὶ
548 3128 640 3206 οἰκίας
656 3132 800 3209 ἔνκτησιν.
817 3128 1035 3205 Βασιλεύοντος
1056 3127 1206 3210 Βαίίίίου)

408 3241 561 3324 Μαξίμου,
579 3247 772 3323 βουλεύοντος
791 3242 852 3308 Φλ.
879 3240 1097 3330 Ἀριστοτίμου.

457 3433 586 3507 Mirari
609 3461 696 3508 sane
723 3435 809 3508 licet
831 3446 867 3508 et
888 3434 981 3507 illud
1004 3436 1195 3534 προνομίας
1225 3435 1283 3507 ius
1298 3434 1399 3533 quod
1425 3413 1576 3534 periero
1592 3434 1631 3506 in

407 3558 589 3658 delphicis
610 3559 728 3631 titulis
747 3569 975 3632 memoratur
990 3584 1058 3631 nec
1080 3561 1244 3658 profeclo
1268 3572 1357 3632 tunc
1376 3558 1531 3632 eandem
1556 3559 1633 3632 uim

406 3708 519 3781 quam
552 3683 806 3782 superioribus
843 3683 1000 3756 saeculis
1039 3695 1268 3771 seruauerat,
1308 3695 1345 3756 et
1387 3681 1634 3781 βασιλεύοντος

407 3806 624 3905 dignitatem
660 3834 733 3907 qun
763 3806 926 3880 Babbius
963 3807 1146 3880 Maximus
1177 3808 1417 3907 semetipsum
1450 3807 1629 3880 ornauit:

443 4121 468 4174 l.
528 4161 535 4174 .
573 4160 579 4173 .
634 4161 640 4172 .

441 4210 468 4263 2.
489 4119 632 4280 iiqiitii
647 4210 773 4280 Oplelus
787 4209 904 4280 quidam
921 4209 949 4262 in
966 4208 1059 4263 libelli
1073 4211 1123 4281 qui
1143 4209 1178 4262 de
1193 4210 1303 4268 sollerl⁴
1324 4210 1442 4265 animal.
1461 4210 1630 4264 inscribitur

405 4315 431 4350 c.
447 4295 522 4365 Vlll,
540 4315 567 4368 p.
583 4297 678 4351 9651).

442 4386 467 4438 3.
489 4384 554 4439 ΝΝ.
569 4386 647 4453 154³,
664 4385 741 4453 1193,
758 4386 838 4440 1413.
