3700 5684
489 751 534 798 un
560 751 842 798 anrmcrruuvn
868 748 1072 798 aerumans
1352 723 1394 806 61

170 905 267 993 uolo,
285 903 391 976 cuius
406 930 452 975 ne
469 929 603 976 nomen
618 902 769 1001 quidem
786 912 942 975 aetatem
959 901 1043 973 tulit
1054 925 1062 987 ;
1074 899 1138 972 sed
1148 901 1398 996 fragmentum

171 1065 207 1111 n.
231 1038 328 1110 8168
349 1063 424 1135 quo
446 1036 588 1109 litterae
602 1026 800 1106 ΟΡΙΝΘΙΩ
818 1035 1010 1134 perspicue
1037 1034 1211 1131 leguntur
1231 1031 1397 1105 eiusdem

172 1161 267 1235 tituli
286 1161 399 1233 fuisse
409 1159 516 1232 ualde
532 1159 700 1259 suspicor
711 1160 816 1232 cuius
831 1185 894 1233 sex
908 1160 1023 1230 frusta
1043 1156 1247 1230 certissima
1260 1157 1364 1228 sunt¹
1388 1181 1396 1228 :

526 1316 605 1392 Θεὸς
635 1312 658 1400 1
690 1315 778 1399 Τύχα
802 1312 928 1398 ἁγαθοὶ]

282 1431 395 1516 Δελφοὶ
411 1437 523 1497 ἔδωκαν
542 1430 587 1527 M.
608 1428 618 1515 1
636 1466 738 1476 --
755 1466 799 1475 -
816 1428 858 1514 Κ]
878 1435 993 1515 ορινθίῳ
1011 1428 1049 1514 (l)

281 1552 446 1632 ἐπιμελητῇ
466 1544 549 1631 [τῶν]
574 1543 811 1631 Ἀμριιιτ16ονων
835 1547 913 1630 αὔτῷ
932 1542 1145 1629 καί1γ1υναι1-

280 1667 308 1727 al
323 1666 372 1727 aad
386 1660 533 1747 ἑνιγὸνο1ις
548 1659 788 1747 π1ολε1ι1τε1ίαν,
805 1669 1017 1746 προμαντείαν,
1035 1657 1181 1745 apacati-l

283 1805 329 1859 αν,
349 1777 497 1858 ἀτέλειαν,
519 1774 602 1862 [γᾶς]
620 1775 696 1862 alal]
714 1776 822 1862 οὶ1ιιίας
839 1784 977 1859 ἔγατησιν
994 1779 1041 1840 καὶ
1057 1769 1168 1858 τᾶλλα]

283 1898 380 1974 τείμια
395 1896 449 1958 ’όσα
468 1889 531 1977 [καὶ
549 1907 611 1968 τοῖς
625 1898 729 1969 καλοῖς
746 1893 888 1977 κάγαθοῖς
909 1891 1030 1974 ἀνδράσι
1043 1888 1132 1973 αἵδε-1

239 2039 240 2042 ’
260 2080 263 2089 ,
284 2034 331 2074 ται
348 2004 399 2074 ἐπ’
417 2005 562 2097 εὐσεβείᾳ
579 2016 654 2093 προς
671 2017 721 2073 τὀν
738 2015 802 2073 θεὸν
820 2011 870 2072 καὶ
887 2003 937 2073 ἐπ’
953 2003 1061 2092 εὐνοίᾳ]

285 2121 591 2209 [πρ16ςτὴνπ16λιν
610 2122 780 2209 Ἄρχοντες
801 2121 838 2188 T.
862 2123 924 2188 Φλ.
946 2122 1124 2206 Σωκλάρου,
1143 2118 1222 2205 βω]

285 2236 446 2323 λευὸντω1ν
459 2238 521 2304 dn
603 2253 654 2304 τοῦ
788 2242 836 2304 καὶ
849 2238 983 2303 Φιλλέου
1001 2236 1065 2321 τοῦ]

285 2352 515 2439 Εὑβουλίδίου1.

222 2520 414 2591 Postremo
441 2518 558 2618 ipsius
586 2520 772 2591 Plutarchi
802 2545 938 2590 nomen
959 2517 1126 2590 reuocari
1158 2517 1221 2587 uix
1255 2517 1401 2589 mireris

173 2644 310 2743 quippe
324 2643 387 2742 qui
403 2643 573 2716 sacerdos
593 2644 748 2742 Delphis
768 2643 891 2723 fuerit.
907 2645 944 2715 h.
965 2670 996 2716 e.
1016 2642 1404 2747 ciuitatemacceperit

172 2768 389 2867 priusquam
411 2767 522 2840 etiam
548 2766 766 2866 epimeletae
789 2794 924 2839 munus
950 2767 1133 2839 indueret.
1158 2771 1282 2862 Atque
1311 2765 1404 2838 adeo
1503 2826 1506 2830 a

173 2892 235 2965 illa
256 2890 370 2963 uerba
390 2894 457 2963 ἀπὸ
477 2883 622 2992 Δελφῶν
647 2917 741 2990 quae
763 2902 848 2989 post
878 2891 1194 2989 ἑπιμελητεύοντος
1231 2893 1268 2964 in
1297 2889 1404 2963 titulo

175 3016 261 3089 CIG
276 3016 370 3087 1713
383 3015 500 3088 incisa
520 3026 606 3088 sunt
623 3042 721 3088 nune
736 3027 826 3114 puto
843 3015 950 3115 plane
965 3016 1240 3113 intellegentur.
1262 3019 1404 3116 Nempe

174 3141 393 3213 Plutarchus
417 3141 455 3212 in
480 3140 679 3235 concilium
719 3139 1061 3239 amphictyonieum
1096 3169 1219 3215 nona
1257 3142 1407 3214 Boeotis

177 3265 313 3337 missus
328 3274 406 3337 erat
427 3264 531 3336 seda
556 3262 711 3364 Delphis
730 3264 776 3337 ad
798 3291 892 3362 quos
918 3265 1079 3338 maxime
1101 3267 1226 3339 omnia
1245 3266 1407 3366 pertine-

177 3387 266 3462 bant
286 3414 381 3487 quae
401 3387 597 3487 epimeleta
616 3387 807 3461 efficienda
827 3388 988 3462 curabat.

152 3544 156 3553 ⁴
225 3511 444 3611 Inspicienti
477 3513 578 3584 enim
603 3538 784 3610 quaenam
816 3513 1005 3586 extiterint
1033 3514 1144 3586 huius
1172 3515 1410 3614 magistratus

177 3648 298 3736 partes
325 3648 478 3737 apparet
507 3636 629 3709 statim
657 3663 767 3735 quam
812 3637 1021 3710 necessario
1050 3639 1201 3710 uinculo
1234 3638 1296 3711 ille
1322 3665 1407 3711 eum

177 3761 334 3861 Delphis
361 3761 582 3833 coniunctus
607 3761 731 3832 fuerit.
767 3762 860 3832 Nam
889 3762 1085 3860 praecipua
1112 3772 1146 3834 et
1172 3763 1307 3834 eximia
1331 3762 1410 3835 laus

179 3912 290 3984 quam
332 3886 446 3957 semel
480 3885 697 3985 epimeletae
737 3884 884 3957 cuidam
926 3886 1077 3958 alterius
1118 3886 1253 3958 saeculi
1286 3886 1408 3958 datam

181 4008 352 4081 uidemus
368 4010 381 4053 2
397 4007 572 4080 omnihus
593 4009 672 4080 sine
688 4006 803 4080 dubio
818 4007 932 4080 tribui
951 4018 1121 4108 potuerat
1142 4033 1149 4080 :

216 4197 240 4249 1.
262 4195 326 4249 NN.
345 4196 408 4263 669,
431 4196 493 4263 812,
515 4197 595 4261 3218,
618 4197 698 4260 3220,
719 4195 798 4261 3450,
815 4196 895 4250 3160.
914 4196 1029 4266 Fragm.
1046 4196 1116 4248 3458
1136 4195 1172 4249 ad
1193 4196 1310 4249 titulum
1329 4197 1413 4250 resti-

184 4283 323 4338 tuendum
351 4282 522 4337 dubitanter
545 4301 616 4337 sane
648 4283 753 4338 adieci.
776 4284 936 4337 Archontis
960 4284 1204 4354 buleutarumque
1226 4285 1342 4338 nomina
1378 4302 1413 4340 ex

181 4371 300 4426 decreto
317 4390 344 4443 p.
357 4373 392 4424 29
408 4372 558 4443 descripto
574 4373 710 4444 suppleta
725 4380 803 4429 sunt.

217 4464 243 4514 2.
264 4461 300 4516 N.
317 4460 398 4527 2490,
419 4461 448 4513 in
473 4461 536 4514 basi
558 4460 715 4514 admodum
731 4461 795 4515 rudi
822 4462 995 4533 leucophaei
1018 4461 1134 4533 lapidis,
1153 4462 1283 4516 Alterius
1309 4463 1415 4517 baseos

183 4548 279 4603 eidem
292 4549 356 4603 uiro
372 4548 525 4602 dedicatae
541 4549 736 4620 fragmentum
750 4552 819 4603 2867
831 4557 980 4605 seruatum
992 4556 1047 4606 est.
