3700 5684
642 677 686 722 na·
713 677 974 726 sacnnnomnvs
1280 660 1283 667 “
1376 654 1420 725 Π

122 851 128 863 “
196 830 267 903 nisi
293 830 414 917 lallor,
446 828 597 900 Flauius
628 828 874 901 Aristotimus
901 832 965 929 qui
985 831 1023 903 in
1042 857 1196 903 nummo
1220 831 1420 929 delphicuo¹

197 955 304 1053 ἱερεύς
326 953 538 1026 nominatur
555 979 741 1050 quemque
762 953 904 1025 Babbio
923 955 1086 1028 Maximo
1102 956 1277 1028 archonte
1295 954 1424 1027 buleu-

196 1091 270 1152 tam
288 1089 324 1151 et
341 1077 547 1178 principem
565 1076 769 1182 legatorum
794 1080 839 1176 (a.
862 1079 943 1176 125)
969 1079 1014 1151 ad
1032 1079 1264 1152 Hadrianum
1291 1079 1425 1152 misso-

196 1229 278 1276 rum
317 1204 431 1274 fuisse
461 1201 685 1300 accepimus.
728 1201 836 1285 Quod
867 1204 898 1275 is
931 1230 1108 1276 nummus
1139 1206 1231 1302 ἥρωι·
1256 1194 1425 1299 Ἀντινόῳ

197 1338 369 1425 tanquam
398 1330 634 1399 consecratus
668 1337 735 1413 est,
765 1326 1026 1399 Aristotimum
1044 1328 1200 1400 Antinoi
1219 1328 1426 1401 sacerdotio

197 1453 364 1523 functum
385 1477 464 1523 esse
482 1450 572 1522 olim
590 1451 740 1548 putaui;
768 1450 830 1523 sed
856 1478 969 1535 nunc,
992 1453 1207 1550 praesertim
1229 1478 1314 1525 cum
1338 1453 1427 1524 Del·

198 1576 281 1675 phis
302 1575 446 1646 nullum
462 1574 562 1647 aliud
583 1576 672 1647 noui
692 1575 791 1648 illius
803 1577 924 1648 cultus
938 1577 1135 1675 uestigium
1156 1571 1344 1676 repertum
1363 1577 1424 1662 sit,

199 1727 299 1772 mera
320 1727 411 1772 uoce
438 1699 547 1798 ἱερεύς
567 1726 641 1771 non
666 1726 773 1799 posse
796 1700 867 1771 nisi
884 1700 1071 1800 Apollinis
1095 1700 1307 1773 ministrum
1330 1701 1427 1775 desi-

198 1825 302 1923 gnari
321 1823 555 1896 crediderim.
576 1823 818 1896 Aristotimus
837 1824 949 1923 igitur
965 1825 1062 1896 circa
1078 1850 1111 1896 a.
1130 1826 1212 1913 130,
1228 1851 1303 1922 quo
1318 1825 1428 1897 Anti-

200 1976 294 2021 nous
313 1949 425 2021 heros
447 1950 564 2021 factus
584 1958 651 2035 est,
674 1973 861 2020 summum
882 1948 972 2020 illud
993 1974 1129 2020 munus
1151 1950 1303 2048 accepit.

248 2145 438 2216 Hactenus
462 2142 508 2215 de
532 2153 742 2242 temporum
767 2143 985 2217 rationibus.
1015 2144 1190 2216 Instituta
1219 2171 1309 2217 uero
1335 2170 1430 2243 quae

200 2269 244 2341 ad
278 2293 336 2340 res
360 2293 481 2340 sacras
506 2268 694 2366 pertinent
722 2294 796 2340 non
825 2278 1050 2341 commutata
1078 2295 1157 2340 esse
1186 2269 1431 2341 manumissio

200 2419 310 2492 supra
331 2392 548 2490 transcripta
568 2402 733 2481 testatur,
761 2420 806 2465 ex
826 2418 899 2491 qua
922 2404 1076 2492 apparet
1097 2394 1191 2465 duos
1211 2404 1299 2466 tunc
1316 2393 1430 2466 fuisse

200 2516 386 2615 Apollinis
405 2516 534 2614 Pythii
558 2516 780 2605 sacerdotes,
812 2516 920 2588 sicuti
947 2543 1013 2615 per
1043 2518 1235 2615 superiora
1264 2528 1432 2616 tempora

203 2642 290 2739 (tres
309 2640 408 2712 enim
428 2667 578 2739 perraro
598 2640 825 2737 occurrunt).
849 2639 920 2713 Sed
942 2667 1096 2714 munera
1111 2643 1217 2740 plura
1236 2641 1273 2712 in
1294 2643 1432 2740 templo

202 2765 416 2853 extiterunt,
448 2775 489 2836 ut
514 2765 554 2836 fit
585 2764 682 2864 apud
707 2764 877 2836 homines
896 2765 1121 2862 dignitatum
1144 2765 1431 2837 amantissimos.

203 2888 302 2974 Quid
321 2888 366 2960 de
382 2888 465 2960 Diis
482 2888 629 2987 penitus
644 2889 827 2960 senserint
845 2887 1048 2985 indagandi
1067 2915 1143 2960 non
1164 2899 1220 2961 est
1237 2889 1358 2975 locus;
1381 2899 1430 2977 at,

203 3013 357 3113 perinde
397 3014 502 3111 quasi
538 3023 643 3085 uetus
683 3011 813 3108 religio
855 3037 956 3083 nouo
995 3012 1114 3084 nitore
1147 3012 1433 3102 illuminaretur,

202 3139 411 3222 officiorum
431 3135 799 3235 ministeriorumque
815 3136 966 3208 uomina
981 3136 1079 3209 haud
1095 3163 1214 3235 pauca
1229 3137 1266 3208 in
1283 3164 1436 3210 eonsue-

203 3261 370 3335 tudinem
396 3272 585 3333 uenerunt
611 3273 672 3333 aut
702 3272 872 3333 reuocata
897 3271 995 3351 sunt,
1024 3261 1069 3333 de
1093 3261 1230 3360 quibus
1254 3261 1437 3361 apertiora

204 3386 327 3459 dicere
347 3386 455 3457 nohis
471 3386 508 3458 in
530 3396 704 3484 promptu
727 3397 889 3458 nonest.
919 3385 991 3458 llic
1015 3387 1366 3459 commemorandus
1383 3398 1438 3460 est

204 3538 236 3584 e.
259 3538 291 3584 c.
317 3500 477 3593 σύνδικος
498 3509 560 3581 ille
579 3525 642 3582 τοῦ
666 3501 800 3582 Πυθίου
819 3512 846 3600 2,
873 3522 983 3607 atque
1004 3511 1207 3582 Hosiorum
1225 3511 1434 3609 collegium,

205 3636 270 3734 qui
306 3645 341 3706 et
384 3634 571 3706 Bacchum
607 3643 644 3704 et
676 3634 890 3731 Apollinem
921 3636 1080 3706 coluisse
1119 3634 1210 3706 mihi
1250 3634 1436 3708 uidentur.

204 3760 301 3832 Nam
340 3770 380 3831 ut
408 3785 471 3830 eos
499 3757 697 3830 Plutarcho
728 3769 877 3829 auctore
908 3750 967 3830 τίν
1000 3750 1166 3853 Λικνίτην
1206 3759 1440 3831 caerimoniis

202 3873 403 3947 adsecutos
424 3900 503 3945 esse
524 3881 669 3944 constat
688 3874 714 3957 ³,
740 3870 789 3943 ita
809 3873 847 3943 in
867 3872 974 3943 titulo
995 3898 1105 3970 quem
1128 3872 1240 3943 modo
1260 3872 1409 3944 laudaui
1427 3874 1439 3919 ⁴

243 4055 268 4106 l.
290 4052 369 4105 ΒΘΗ
382 4052 430 4104 XX
442 4069 470 4121 p.
485 4052 529 4117 lt,
546 4069 575 4105 n.
591 4052 636 4103 70.

242 4145 268 4196 2.
291 4142 432 4207 Pomtow,
449 4140 606 4209 Beitraepe
620 4157 674 4191 zur
692 4139 760 4208 Top.
776 4156 800 4192 u.
815 4138 921 4208 Delphi
937 4156 965 4209 p.
982 4140 1042 4191 122.
1106 4174 1109 4181 ·

243 4232 269 4284 ³.
291 4230 378 4297 Plu,
400 4229 441 4282 De
465 4227 540 4281 Iside
564 4236 589 4281 et
615 4228 690 4281 Osir.
718 4228 762 4291 35,
787 4246 814 4299 p.
841 4228 891 4279 365
913 4227 934 4278 Β
956 4242 962 4280 3
989 4226 1097 4281 Θύουσιν
1108 4229 1132 4278 οἱ
1151 4222 1215 4278 ὅσιοι
1233 4230 1257 4279 ἐν
1274 4237 1311 4298 τῷ
1324 4230 1384 4299 ἱερῷ
1398 4236 1443 4282 τοῦ

211 4318 377 4380 Ἀπόλλωνος
392 4315 453 4371 ὅταν
467 4320 492 4369 αί
509 4315 618 4377 Θυιάδες
634 4316 748 4388 ἐγείρωσι
758 4314 800 4370 τὸν
816 4316 948 4382 Λικνίτην,
961 4315 998 4368 de
1014 4334 1071 4386 quo
1084 4315 1120 4368 cl.
1136 4316 1265 4386 Hesych.
1279 4334 1303 4370 ιι.
1313 4335 1340 4371 u.
1353 4319 1443 4373 Λικνί·

210 4427 254 4476 της
271 4407 393 4462 tutuno
408 4407 541 4461 Διονύσου.

248 4498 274 4550 4.
295 4497 331 4550 Et
345 4495 491 4571 quiBCH
501 4494 551 4547 XX
564 4513 592 4565 p.
610 4496 661 4547 7¹9
672 4495 864 4567 transcriptus
879 4497 936 4547 est.
1348 4570 1361 4612 2
