3700 5684
371 581 417 651 26
822 605 866 651 ns
893 604 1136 651 sncuourmvs

368 758 483 831 dubio
503 769 558 831 est
576 784 618 832 ac
634 757 691 830 Ti.
709 758 825 830 lulius
842 758 1013 855 Agathou
1029 784 1104 856 quo
1122 759 1295 831 archonte
1312 759 1383 832 hoc
1402 759 1590 833 decretum

369 883 594 956 factumest.
663 882 667 888 ’

422 1008 476 1105 (In
497 1007 628 1080 eodem
645 1007 766 1107 lepide
795 1008 901 1096 1319,
933 1019 1017 1108 post
1045 1034 1130 1080 eum
1158 1008 1308 1081 titulum
1334 1035 1444 1107 quem
1478 1034 1590 1108 supre

245 1202 248 1207 ,
369 1130 560 1231 descripsi)
589 1156 598 1204 t

793 1258 922 1346 Ἀγαθῆι
966 1259 1077 1345 Τύχηι.

457 1376 568 1461 Δελφοὶ
583 1378 721 1457 ἐτίμησαν
745 1376 788 1440 Π.
816 1377 984 1462 Κορνήλιον
1006 1376 1125 1441 Aeones
1149 1374 1391 1457 Νικοπολείτη[ν]

460 1488 670 1577 Ἀμφικτύονα,
690 1497 857 1577 phinaeas,
872 1497 1034 1579 πολειτείᾳ,
1055 1494 1162 1578 deully
1181 1494 1242 1571 κ]αὶ
1258 1507 1320 1569 τοῖς

454 1610 560 1684 ἄλλοις
575 1613 681 1689 τιμίοις
698 1610 752 1674 'dcc
768 1623 830 1685 τοῖς
846 1613 950 1685 καλοῖς
968 1612 1017 1672 καὶ
1032 1609 1153 1691 ἀγαθοῖς
1172 1608 1315 1693 &depellet
1330 1612 1374 1674 δι’·

455 1729 547 1790 δοται.
565 1722 733 1810 Ἃρχοντος
751 1721 817 1789 Te.
840 1721 966 1789 Ἰουλίου
987 1721 1172 1808 Ἀγάθωνος.

415 1897 573 1969 Eosdem
586 1899 695 1996 plane
707 1899 879 1985 honores,
900 1896 1226 1970 scilicetnohrcelcv
1245 1908 1282 1969 et
1298 1894 1445 1995 βουλήν,
1466 1898 1587 1971 eidem

364 2021 508 2093 homini
536 2022 724 2120 aliquanto
750 2033 833 2121 post
863 2034 1060 2094 renouatos
1089 2047 1168 2093 esse
1202 2047 1312 2093 nemo
1341 2022 1508 2121 accipiet.
1543 2023 1585 2096 P.

366 2144 480 2243 igitur
503 2145 699 2218 Cornelius
733 2147 859 2245 Lupus
878 2147 976 2218 filius
1000 2157 1055 2218 est
1078 2146 1121 2219 P.
1147 2146 1311 2219 Cornelii
1334 2145 1474 2245 Eupori
1495 2147 1587 2246 Lupi

366 2270 431 2367 qni
460 2269 566 2342 titulo
589 2296 700 2369 supra
728 2270 864 2370 scripto
888 2281 925 2342 et
950 2270 1028 2370 ipse
1051 2270 1143 2342 ciuis
1169 2270 1360 2369 delphicus
1382 2281 1418 2342 et
1441 2283 1589 2345 senator

365 2393 482 2465 fectus
500 2405 565 2467 est.
590 2395 687 2493 Ergo
708 2395 743 2467 in
767 2394 831 2466 illo
856 2394 1052 2466 interuallo
1072 2392 1173 2493 quod
1196 2393 1307 2466 modo
1328 2394 1587 2468 constituimus

366 2518 534 2590 archonti
561 2518 748 2615 Agathoni
775 2519 897 2590 locum
924 2518 1177 2617 quaerendum
1204 2506 1384 2590 essenon
1410 2519 1583 2618 negabis3

368 2641 453 2713 inde
468 2641 623 2714 habebis
636 2643 737 2715 hunc
756 2643 925 2715 ordinem
943 2667 952 2716 :

753 2855 807 2903 ce.
838 2831 883 2901 75
954 2830 1210 2928 Euthydemus
1224 2836 1265 2906 ch
1285 2831 1333 2906 α’.

780 2955 890 3025 79-80
955 2954 1045 3053 imp.
1066 2956 1182 3029 Titus.

969 3088 1226 3186 Euthydemus
1244 3097 1285 3167 τὸ
1306 3089 1370 3191 βῙΙ

953 3210 1090 3286 Simus.

951 3337 1137 3434 Agathou.

366 3461 411 3534 ab
430 3488 462 3534 e.
486 3465 667 3562 eousque
688 3464 733 3537 ad
754 3491 788 3539 a.
811 3467 869 3541 95.
955 3469 1211 3568 Euthydemus
1230 3477 1270 3547 τὸ
1289 3469 1338 3574 γ’.

717 3144 763 3217 eb
779 3169 812 3217 a.
841 3146 888 3216 80
955 3088 965 3185 l

583 3294 699 3366 usque
716 3268 761 3340 ad
778 3296 811 3342 a.
841 3270 888 3341 90

412 3666 556 3751 Quibus
583 3668 797 3743 adiciendus
821 3670 876 3744 esl
902 3674 1011 3746 etiem
1039 3688 1184 3774 praeter
1209 3679 1250 3751 T.
1283 3679 1387 3751 illum
1414 3682 1583 3755 Flauium

363 3792 575 3865 Pollianum
590 3820 701 3891 quem
717 3806 800 3868 ante
821 3797 932 3870 finem
950 3800 1060 3897 primi
1077 3802 1212 3873 saeculi
1232 3806 1417 3877 archontis
1430 3832 1583 3880 munere

362 3917 530 3989 functum
547 3944 626 3990 esse
640 3920 887 3993 certissimum
903 3934 959 3995 est
977 3926 1003 4011 ¹,
1034 3926 1075 3997 T.
1094 3928 1185 3998 alter
1197 3911 1347 4000 Flauius
1362 3932 1583 4028 cognomine

362 4039 533 4115 Soclarus
545 4043 610 4142 qni
629 4044 949 4145 Amphictyonum
969 4048 1164 4147 epimeleta
1176 4053 1365 4125 nonnullis
1381 4054 1584 4128 documen-

397 4301 423 4354 l.
445 4299 683 4355 Manumissionis
705 4303 913 4358 documentum
936 4323 994 4377 quo
1023 4306 1144 4361 Pollioni
1173 4326 1279 4364 nomen
1301 4310 1436 4366 laudatur
1459 4315 1583 4369 Dielelrt·

362 4388 469 4443 inschr.
485 4390 572 4449 232&
587 4390 690 4462 fragm.
706 4393 862 4464 repetitum
878 4399 925 4448 est
935 4394 1015 4447 BCH
1027 4395 1103 4448 XXll
1116 4414 1144 4468 p.
1160 4399 1220 4454 124.
