3700 5684
443 700 489 772 36
897 728 942 775 ou
969 728 1213 777 nucuouruivs

441 889 508 969 est,
543 905 701 977 quorum
737 880 860 979 priore
893 906 939 951 ne
975 880 1064 979 imp.
1101 881 1250 979 quidem
1287 881 1517 973 Antoninum
1554 880 1662 953 Pium

439 1002 599 1101 delphici
626 1004 813 1077 arohentis
833 1004 1051 1104 dignitatem
1072 1006 1255 1104 respuisse
1282 1004 1474 1079 traditur¹.
1505 1005 1662 1078 Initium

439 1138 475 1200 et
494 1126 612 1200 maior
625 1154 710 1227 pars
728 1128 987 1202 desiderantur
1005 1154 1013 1202 :

771 1424 837 1510 [Ξσα
856 1439 918 1504 τοῖς
936 1425 1056 1511 καλπίς
1073 1426 1220 1512 ἁνίδράσιί

769 1541 905 1628 [δίδοτίαι
921 1548 969 1608 ἐπὶ
985 1541 1258 1630 ιιαλονιῆγίαίθίαί.

678 1655 868 1743 ”Αρχ<οντος)
889 1660 1116 1744 Αὑτονιράτορος
1141 1656 1330 1744 Ἀν[τωνεί]·

987 1801 1050 1839 tw.

478 1986 598 2069 Quem
631 1985 797 2082 Delphos
835 2009 1026 2082 nunqnam
1071 1983 1215 2056 uenisse
1254 1993 1542 2056 consentaneum
1580 1958 1662 2072 ests

429 2134 565 2212 munus
582 2134 671 2180 uero
689 2108 872 2208 accepisse
890 2108 1058 2205 suspicor
1070 2107 1116 2179 ad
1131 2108 1340 2206 exemplum
1358 2107 1471 2206 patris
1486 2106 1652 2206 adoptiui

428 2245 464 2306 et
483 2244 523 2305 ut
542 2231 776 2306 adulantibus
794 2232 985 2305 Graeculis
1005 2231 1283 2329 gratificaretur.
1498 2211 1500 2213 ¹

476 2359 582 2430 Alter
613 2368 735 2429 autem
769 2356 926 2442 archon,
965 2355 1070 2428 ouius
1104 2381 1201 2429 anno
1235 2355 1478 2454 philosophus
1507 2356 1652 2428 'saurus

426 2483 626 2554 honoratus
642 2492 709 2569 est,
728 2507 836 2553 suum
856 2481 979 2552 locum
999 2490 1039 2552 ut
1057 2479 1133 2551 dixi
1154 2479 1297 2552 obtinet
1316 2482 1343 2569 2,
1365 2479 1430 2552 sed
1449 2479 1523 2552 duo
1539 2479 1650 2552 simul

425 2605 570 2679 decreta
601 2631 694 2703 quae
726 2604 764 2678 in
794 2604 983 2703 superiore
1013 2603 1179 2676 eiusdem
1208 2603 1370 2702 lapidis³
1398 2616 1501 2704 parte
1532 2604 1649 2677 incisa

424 2740 510 2802 sunt
525 2729 586 2802 hio
603 2728 844 2802 describenda
866 2755 946 2802 esse
965 2738 1068 2828 puto.

343 2964 455 3050 Δελφοὶ
474 2969 584 3029 ἔδωκαν
606 2964 648 3026 Α.
671 2962 822 3046 Καλίήνῳ
855 2962 982 3047 ,Δελφοὶ
1006 2966 1116 3027 ἔδωκαν
1144 2962 1267 3047 Βακχίῳ
1291 2961 1479 3048 Τρύρωίνος,
1507 2961 1728 3051 mosaeam]

341 3078 463 3165 Ταύρῳ,
495 3079 646 3164 Βηρυτίῳ,
677 3082 822 3164 ριλοσίρῳ
869 3083 900 3143 δὲ
920 3078 1022 3155 Γαίου,
1044 3077 1162 3163 Παρίῳ,
1180 3082 1228 3142 καὶ
1249 3077 1374 3162 Ζωσίμῳ
1394 3087 1433 3162 τῷ
1452 3084 1500 3143 ναὶ
1515 3079 1578 3143 Eo.
1586 3129 1655 3146 .....

339 3201 515 3281 πλατωνιιιῷ
540 3197 618 3280 αὐτῷ
639 3198 689 3258 καὶ
707 3202 819 3270 τέκνοις
866 3193 1051 3278 Χαροπείνου
1072 3197 1120 3257 ναὶ
1139 3193 1281 3278 Κλαυδίῳ
1302 3192 1512 3279 Νειιιοστράτῳ
1536 3191 1629 3277 Ἀθη-

338 3314 426 3376 αὔτοΰ
447 3317 625 3390 πολειτείαν,
784 3340 787 3346 ·
864 3315 954 3386 ναίοις
967 3308 1069 3374 καίΜ.
1079 3310 1192 3394 Σεξτίῳ
1202 3308 1400 3395 Κορνηλιανῷ
1412 3310 1591 3397 (Meliteion)
1603 3318 1724 3396 φιλοσό-

336 3428 504 3511 προξενίαν,
522 3431 686 3511 προδικίαν,
704 3429 759 3508 γᾶς
863 3450 926 3510 ροις
946 3430 1143 3501 τλατωνιιιοῖς
1158 3428 1257 3502 αὐτοῖς
1278 3430 1327 3489 ιιαί
1343 3433 1455 3503 τέκνοις
1475 3428 1528 3490 αὖ·

337 3547 385 3607 καὶ
407 3544 500 3619 αἰνιίας
521 3546 653 3624 ἔνιιτήσιν
676 3546 724 3606 καὶ
865 3549 922 3606 τῶν
940 3544 1117 3617 τολειτείαν,
1134 3543 1301 3624 προξενίαν,
1323 3546 1486 3625 προδικίαν,
1505 3546 1561 3625 γᾶς

334 3653 601 3740 τᾶλλατείμιαὸσα
617 3669 679 3735 τοῖς
697 3683 752 3722 τια-
864 3660 912 3721 ιιαί
932 3656 1024 3733 οἰκίας
1045 3661 1176 3737 ἔνκτησιν
1193 3660 1242 3720 καὶ
1261 3650 1358 3721 τᾶλλα
1376 3666 1472 3737 τείμια
1491 3659 1544 3722 ’σ’σα
1561 3669 1622 3734 τοῖς

334 3779 400 3851 >eu
415 3779 465 3839 καὶ
484 3775 607 3858 ἀγαθοῖς
624 3774 743 3858 ἀνδράσι
862 3777 967 3849 καλοῖς
991 3776 1040 3836 καὶ
1061 3772 1183 3856 ἀγαθοῖς
1211 3772 1330 3856 ἀνδράσι
1355 3776 1474 3837 δίδοται.
1500 3770 1657 3858 Ἄργον.

333 3894 453 3955 δίδοται.
472 3887 641 3976 ’Άρχοντος
861 3913 910 3965 τος
927 3888 1111 3953 Εὑδουλίδου
1132 3900 1181 3952 τοῦ
1198 3887 1395 3952 Εὖὸουλίδον.

333 4006 402 4071 Τιὸ.
425 4003 552 4071 Ἰουλίου
577 4002 807 4090 Ἀρισταινέτου.

446 4280 471 4332 l.
493 4277 524 4330 ln
553 4277 674 4331 sinistro
697 4276 785 4331 latere
802 4277 908 4347 lapidis
936 4277 1005 4329 {220
1022 4275 1070 4345 (cl.
1092 4292 1120 4347 p.
1140 4277 1174 4328 23
1189 4275 1256 4330 adn.
1271 4277 1297 4345 5)
1328 4293 1441 4329 summa
1469 4276 1633 4347 eademque

409 4365 611 4419 recentissima
624 4366 786 4435 inscriptio.

443 4458 468 4509 2.
492 4455 532 4507 De
545 4454 731 4508 Aristaeneto
744 4454 897 4509 secerdote
910 4454 947 4508 el.
964 4472 992 4525 p.
1009 4455 1050 4507 ts.

443 4543 468 4597 3.
490 4542 525 4596 Ν.
544 4542 622 4596 1408.
