3700 5684
887 643 932 689 DE
959 642 1203 689 Ancuourluvs

723 797 827 875 Θεὲς.
850 796 938 883 Τύχα
973 794 978 882 Ι
1013 799 1120 881 ἀγαθά.

610 916 749 998 [Δε]λραὶ
765 918 876 978 ἔδωκαν
896 910 1048 998 npetu)
1066 912 1218 998 Κορνηλί-

610 1032 658 1114 [tp]
681 1026 794 1117 Ἀλεξᾷ
809 1030 909 1113 Αίγιεῐ
923 1035 1088 1094 παλειτείαν

611 1145 713 1229 [aditu
729 1149 777 1208 καὶ
792 1148 925 1228 ἐγγὲναις
943 1147 1042 1222 airas,
1061 1171 1130 1230 πρα-

614 1265 761 1340 μαντείαν,
779 1262 946 1345 προξενίαν,
965 1264 1097 1344 προδικί-

611 1400 659 1453 αν,
679 1376 812 1455 ἀσυλίαν,
834 1381 1003 1460 προεδρίαν,
1022 1376 1137 1440 ἀτέλει-

612 1516 645 1554 αν
664 1495 769 1570 πᾶσαν,
787 1495 843 1575 γᾶς
861 1494 909 1555 καὶ
929 1491 1020 1567 αἰκίας
1039 1496 1144 1571 ἔνατα,-

613 1632 655 1671 σιν
671 1610 720 1670 καὶ
734 1600 831 1671 τᾶλλα
842 1611 939 1687 τείμια
953 1609 1006 1672 'dus
1024 1621 1085 1682 ταῖς
1104 1632 1158 1670 κα-

612 1726 679 1798 λαῖς
697 1726 745 1785 καὶ
763 1723 885 1805 ἀγαθαῖς
908 1722 1028 1806 ἀνδράσι
1046 1726 1123 1786 δίδα-

569 1876 573 1884 ·
609 1862 669 1902 ται.
690 1833 859 1922 Ἂρχαντας
878 1833 996 1921 Γίαίευ)
1015 1837 1157 1917 Μεμμίαυ
1177 1836 1276 1901 Εὔθυ-

613 1954 705 2032 &ipsu
725 1961 757 2017 τὸ
775 1951 820 2035 γ’,
843 1955 1043 2030 βαυλευὲντων
1064 1951 1128 2017 Ei·

613 2074 755 2152 ρρασύναυ
773 2081 823 2132 τοῦ
843 2068 989 2147 Δάμωνας
1005 2071 1054 2132 καὶ

614 2181 747 2248 Γλαυκία
765 2196 816 2247 τοῦ
840 2179 1024 2267 Ἀντιγὸναυ.

484 2319 580 2392 Cum
603 2321 878 2418 Euthydemum
903 2321 1089 2392 archontis
1114 2320 1330 2419 dignitatem
1357 2320 1658 2393 tertium'susce-

436 2443 532 2543 pisse
550 2443 764 2543 priusquam
786 2444 1035 2516 sacerdotium
1053 2444 1175 2516 inierit
1192 2455 1483 2516 consentaneum
1502 2445 1562 2529 sit,
1584 2470 1658 2515 non

436 2578 557 2667 potest
570 2569 640 2641 hoc
659 2568 846 2641 decretum
862 2568 935 2640 nisi
953 2578 1037 2641 ante
1055 2595 1087 2640 a.
1106 2570 1152 2641 96
1165 2569 1289 2641 locum
1306 2567 1486 2640 obtinere.

486 2693 541 2764 Ex
576 2693 690 2767 altera
719 2703 821 2792 parte
847 2693 911 2764 illo
938 2693 1103 2765 eiusdem
1139 2693 1226 2765 anni
1260 2693 1365 2765 titulo
1398 2719 1509 2791 quem
1549 2690 1659 2763 modo

436 2817 756 2890 commemoraui¹
787 2816 993 2889 celebratus
1030 2829 1085 2889 est
1120 2817 1402 2915 gymnasiarcha
1440 2816 1658 2903 Archelaus,

437 2941 593 3013 Domitii
625 2942 766 3040 Hygini
804 2943 829 3013 f.
867 2942 1025 3014 Decreta
1050 2941 1165 3047 igitur
1207 2941 1243 3012 in
1276 2940 1412 3040 quibus
1438 2940 1516 3012 eius
1542 2950 1658 3039 pater,

437 3066 642 3164 utpotequi
670 3065 795 3138 ciuilia
822 3066 944 3137 officia
970 3065 1136 3163 gesserit,
1165 3074 1391 3137 memoratur
1414 3076 1497 3137 ante
1522 3090 1660 3137 annum

438 3216 512 3288 quo
523 3189 779 3288 Euthydamus
791 3189 939 3262 tertium
955 3191 1089 3261 archon
1102 3190 1169 3261 fuit
1181 3189 1351 3288 ponenda
1367 3199 1464 3261 sunt.
1476 3188 1546 3260 Cn.
1561 3188 1659 3260 enim

439 3315 626 3387 Domitius
644 3314 829 3413 Hyginus,
847 3312 1017 3386 Corinthi
1033 3323 1153 3402 natus,
1164 3313 1195 3385 si
1210 3340 1282 3385 non
1298 3314 1440 3412 primus
1451 3312 1662 3412 exemplum

439 3438 607 3537 praebuit
628 3438 727 3536 quod
766 3438 871 3509 multi
909 3438 1025 3510 secuti
1060 3448 1157 3523 sunt,
1198 3437 1405 3535 insignibus
1440 3448 1538 3509 certe
1573 3437 1663 3508 uiris

439 3563 673 3635 adnumerari
691 3573 810 3661 potest
825 3564 890 3660 qui
909 3562 1096 3634 ciuitatem
1116 3562 1162 3634 ab
1181 3562 1336 3660 Delphis
1350 3562 1575 3661 impertitam
1587 3587 1660 3634 non

439 3687 591 3759 honoris
605 3713 713 3761 causa
731 3686 794 3758 sed
813 3712 941 3759 reuera
954 3697 1173 3785 acceperunt
1190 3686 1317 3783 reique
1336 3685 1549 3784 publicaein
1565 3712 1664 3757 noua

439 3812 555 3911 patria
576 3811 886 3884 administrandae
915 3837 1066 3910 operam
1093 3822 1291 3883 nauarunt.
1326 3810 1446 3894 Quem
1474 3809 1663 3881 buleutam

439 3936 551 4008 fuisse
570 3936 672 4009 Simo
688 3935 849 4034 Epandri
871 3938 896 4007 f.
915 3937 1089 4007 archonte
1102 3962 1147 4007 ex
1166 3935 1273 4006 titulo
1288 3934 1537 4034 comperimus
1552 3960 1663 4031 quem

440 4061 534 4133 infra
551 4059 727 4159 descripsi
749 4062 762 4105 ί
783 4090 790 4132 :

478 4259 502 4310 1.
524 4257 555 4308 P.
568 4258 602 4309 23
617 4257 684 4311 adn.
705 4258 730 4311 4.

476 4347 502 4400 2.
523 4346 587 4400 NN.
598 4347 660 4412 997,
678 4347 756 4412 1199,
770 4347 849 4413 1319,
859 4348 942 4401 9157.
957 4347 1018 4399 Duo
1027 4347 1142 4400 calcarii
1156 4346 1268 4416 lapides
1281 4365 1314 4400 ex
1325 4347 1417 4399 muris
1428 4347 1529 4417 templi
1541 4363 1664 4416 quorum

286 4454 290 4465 ·
352 4426 354 4429 ’
440 4435 514 4487 alter
538 4434 656 4503 (0¹³355
678 4434 741 4505 ult.)
767 4452 854 4506 supra
885 4436 1011 4489 alterum
1034 4436 1141 4505 (offitii)
1162 4437 1274 4507 positus
1301 4444 1356 4491 est.
1380 4437 1509 4489 Nonest
1528 4452 1579 4488 cur
1598 4451 1665 4488 scn-
