3700 5684
549 646 596 695 DE
622 647 877 695 IMPERATORVM
903 649 1082 697 arlsrvtrs

202 844 205 850 ι
272 799 312 863 25
568 808 571 813 ‘
712 803 1040 891 νκαὶτὰπε[ρὶ]τεὺς

361 915 516 1003 [ἁγῶναςῗ
607 925 680 986 ἔστω
698 918 764 1004 pler
782 918 919 1006 dandal,
937 928 1019 1007 λέγω
1038 920 1097 1007 Ele]

361 1031 418 1118 [ἔτι
434 1050 525 1101 ταῦτα
541 1033 763 1120 δι]ηγήσ[ο]μκ·.
778 1034 889 1122 napi)-

360 1148 422 1236 [μῐν
438 1154 534 1229 πάντᾳ
551 1149 684 1237 πεπρᾶχ]
702 1159 748 1217 θαι
764 1179 813 1235 μοι
849 1157 997 1234 ficol-iuz-

361 1263 424 1350 [νας
442 1272 488 1332 ἵνα
506 1273 572 1350 ὑμῖν
591 1266 775 1353 εὔδαιμο]νὶα
791 1272 840 1335 καὶ
859 1270 939 1351 ἀκμὴ

273 1379 314 1443 30
362 1379 582 1469 [φυλάττηται].

360 1495 582 1583 [Ἑπρέσβευον
598 1498 660 1566 Φλ.
683 1497 922 1585 Ἀρι]στὸτειμο;

366 1663 753 1680 ..................
777 1644 856 1697 spec.
878 1617 977 1682 Εὐτυ-

361 1727 483 1815 [χεῐτε.
510 1731 614 1816 ΙΙρὲ..
646 1729 981 1817 .....ῶ]νΣεπτεμβ·

361 1843 455 1930 [plor.
479 1843 555 1910 ‘Aee
572 1848 663 1923 αἰκίας
679 1844 917 1931 Τιὸσυ]ρτείνης.

254 2038 296 2109 ln
322 2038 445 2137 priore
468 2049 571 2137 parte
598 2040 707 2110 huius
729 2040 907 2138 epistulae
929 2040 1130 2139 imperator
1153 2039 1198 2111 de
1217 2066 1256 2115 re
1272 2044 1432 2138 quadam

205 2161 251 2234 ad
270 2162 392 2234 uirum
412 2189 527 2235 unum
551 2176 738 2263 spectante
758 2163 796 2236 in
813 2174 945 2237 senatu
968 2164 1086 2262 egisse
1111 2165 1259 2238 uidetur
1282 2189 1290 2236 ε
1320 2190 1430 2262 quern

205 2287 365 2386 legatum
391 2286 503 2360 fuisse
526 2298 562 2359 et
578 2288 731 2361 fortasse
754 2289 949 2385 legationis
970 2288 1134 2387 praemia
1151 2288 1368 2388 repetiuisse
1386 2313 1431 2359 ex

206 2411 371 2511 uestigiis
403 2439 438 2484 u.
469 2414 581 2484 13-16
615 2405 881 2511 npzcldfleulrip,
911 2426 1027 2510 νεῖμαι
1056 2408 1169 2507 αὐτῷ’,
1199 2411 1428 2511 speciatur...

190 2528 397 2633 ’ἠξιο[ῠν]το
424 2536 625 2609 uerisimile
647 2548 714 2609 est.
733 2537 776 2608 ln
794 2537 908 2609 altera
924 2547 1047 2610 autem
1070 2537 1115 2609 ad
1141 2538 1281 2609 maiora
1307 2536 1432 2609 nescio

205 2685 299 2758 quae
316 2661 463 2761 pergit:
489 2688 526 2734 u.
554 2661 600 2732 26
625 2660 724 2733 enim
749 2672 872 2733 utrum
897 2661 943 2733 de
966 2661 1367 2760 Amphictyonibusan
1387 2662 1432 2735 de

119 2826 126 2841 ·
206 2785 350 2885 Pythiis
376 2784 568 2858 diiuidicet
589 2785 773 2857 incertum
797 2795 933 2857 manet.
964 2785 1153 2857 Promittit
1172 2795 1270 2858 certe
1299 2786 1433 2859 iterum

205 2937 243 2984 se
260 2911 425 3008 Delphos
442 2909 651 2982 reuisurum
670 2935 749 2981 esse
769 2907 914 3006 sibique
932 2909 1093 2981 laturam
1112 2935 1260 3008 semper
1277 2910 1432 2982 eandem
1471 2935 1474 2942 ·

205 3034 250 3107 de
264 3035 424 3107 ciuitatis
441 3034 627 3134 prosperis
647 3032 758 3106 rebus
774 3057 915 3105 curam.
1000 3112 1002 3119 Α

255 3158 606 3231 Animaduertamus
628 3158 688 3230 liic
706 3156 914 3256 principem
936 3156 1142 3254 legatorum
1165 3158 1268 3231 illum
1289 3158 1433 3231 Aristo·

206 3284 338 3356 timum
372 3309 451 3356 esse
483 3282 547 3381 qui
580 3282 721 3380 aliquot
746 3292 830 3381 post
858 3307 975 3353 annos
1015 3281 1185 3355 sacerdos
1217 3282 1301 3371 fuit,
1329 3284 1434 3354 cuius

206 3408 355 3480 nomine
376 3418 611 3506 tempusque
628 3407 783 3505 epistula
805 3405 987 3504 quaedam
1007 3405 1052 3477 ad
1074 3406 1303 3478 Hadrianum
1323 3408 1434 3478 missa

205 3541 261 3605 est
277 3532 421 3605 definiri
444 3541 566 3630 potest
585 3541 625 3602 ut
646 3531 743 3602 inlra
761 3530 1015 3601 demonstrare
1038 3529 1203 3602 tentabo,
1223 3529 1295 3602 Sed
1318 3531 1435 3629 magis

206 3657 317 3730 etiam
341 3665 466 3728 nostra
493 3656 586 3727 scire
618 3654 730 3726 refert
757 3653 1021 3752 imperatorem
1047 3680 1096 3725 m.
1120 3665 1212 3753 sept.
1235 3680 1268 3726 a.
1298 3655 1367 3725 125
1396 3655 1432 3726 in

207 3782 294 3854 uilla
310 3781 505 3853 Tiburtina
523 3789 796 3851 commoratum
815 3803 905 3849 esse.
931 3776 1040 3861 Quod
1060 3803 1158 3849 nune
1182 3778 1345 3876 primum
1361 3790 1434 3850 tes·

207 3916 304 3977 tatur
316 3904 444 3978 titulus
455 3905 515 3976 ille
532 3930 539 3978 :
553 3904 662 4003 plane
673 3902 786 4000 igitur
797 3912 979 4000 apparata
991 3902 1256 3998 uagantissimo
1267 3902 1435 4001 principe

207 4030 382 4105 itinerum
407 4027 720 4101 intermissionem
751 4026 883 4098 factam
911 4051 990 4096 esse
1018 4024 1171 4098 breuem
1201 4052 1288 4098 sane
1311 4028 1335 4116 ¹,
1371 4026 1434 4099 sed

244 4363 269 4416 l.
290 4363 363 4416 Nam
379 4361 434 4415 sub
449 4360 537 4415 linem
552 4360 685 4415 eiusdem
699 4378 738 4416 m.
758 4367 834 4432 sept.
849 4360 982 4415 eiusdem
997 4376 1023 4411 a.
1041 4358 1091 4410 125
1104 4356 1282 4409 Hadrianum
1297 4356 1434 4410 Eleusine

209 4449 353 4502 initiatum
369 4465 435 4501 esse
447 4453 677 4501 consentaneum
693 4452 749 4501 est.
