3700 5684
422 651 469 743 48
742 672 787 720 na
813 672 1096 720 aurnrcrronvu
1122 674 1326 722 arinanarrs

471 824 648 898 Nonnulli
667 851 757 897 uero
770 824 892 922 iamin
905 825 1022 897 titulis
1042 837 1281 899 occurrerunt
1300 836 1571 923 oecurrentque
1587 825 1648 898 alii

419 951 572 1049 insuper
608 976 680 1022 non
707 948 756 1023 ita
783 948 889 1022 multi
912 948 1048 1048 quibus
1075 949 1250 1023 omnibus
1272 950 1490 1050 epimeletae
1511 974 1648 1022 nomen

420 1088 546 1171 utrum
565 1073 697 1147 merito
717 1073 939 1147 attribuatur
960 1099 1077 1146 necne
1106 1085 1190 1147 ante
1217 1075 1343 1148 omnia
1369 1050 1648 1147 diiudicandum

421 1209 488 1294 est.
512 1199 650 1271 Vocem
672 1198 772 1271 enim
794 1194 1108 1296 ἑπιμελητεύοντος
1132 1224 1226 1297 quae
1254 1199 1471 1286 (3161743,
1504 1197 1542 1271 in
1570 1197 1648 1270 basi

421 1334 560 1396 statuae
579 1322 670 1423 imp.
701 1320 892 1425 Hadriano
917 1332 1166 1413 consecratae,
1191 1331 1275 1394 ante
1294 1321 1484 1395 Plutarchi
1510 1347 1646 1394 nomen

423 1448 530 1546 (mihi
550 1447 658 1520 liceat
677 1445 871 1519 notissimo
900 1446 1071 1546 exemplo
1094 1446 1161 1543 uti)
1180 1447 1315 1544 legitur
1333 1446 1378 1519 de
1398 1445 1496 1518 nulla
1519 1426 1592 1519 alia
1609 1472 1647 1518 re

421 1571 492 1645 nisi
512 1572 558 1666 de
593 1596 681 1644 cura
704 1570 804 1642 illius
823 1580 963 1643 statuae
981 1569 1174 1670 ponendae
1199 1571 1245 1644 G.
1274 1569 1537 1667 Dittenberger
1553 1553 1649 1643 acei->

419 1695 593 1797 piendam
616 1720 695 1768 esse
712 1694 854 1767 censuit
872 1695 896 1781 ¹,
921 1719 1117 1793 perperam
1128 1693 1159 1766 si
1175 1694 1264 1793 quid
1279 1693 1401 1767 uideo.
1420 1695 1515 1767 Nam
1524 1720 1647 1766 exem·
1727 1784 1733 1791 ,

420 1820 523 1920 pium
545 1846 655 1919 quam
677 1817 908 1892 simillimum
929 1819 966 1890 in
987 1818 1146 1891 Theoele
1163 1818 1319 1891 Eudami
1339 1819 1365 1891 f.
1388 1817 1646 1918 Nicopolitana

421 1943 548 2033 habes,
566 1944 671 2017 cuius
696 1969 832 2016 nomen
852 1943 1099 2042 supplendum
1124 1969 1203 2015 esse
1231 1943 1268 2017 in
1296 1941 1375 2015 basi
1399 1952 1538 2015 statuae
1553 1941 1643 2042 imp.

419 2067 576 2141 Tiberio·
596 2067 785 2142 dedicatae
801 2070 815 2112 ²
834 2067 1052 2139 iamdudum
1078 2068 1207 2139 monui
1222 2071 1249 2141 ³.
1273 2066 1392 2152 Quem
1415 2066 1563 2139 titulum
1587 2066 1647 2139 hie

419 2192 569 2292 expedit
585 2202 750 2291 repetere
768 2191 906 2292 quippe
926 2192 1032 2264 euius
1048 2191 1294 2290 fragmentum
1313 2201 1441 2291 postea
1460 2202 1649 2289 repertum

421 2316 561 2390 iustum
581 2315 757 2416 praebeat
775 2316 887 2388 finem
905 2316 918 2362 ‘¹
938 2340 945 2386 :

800 2484 1044 2583 [Aiko‘apz'repu

799 2611 935 2698 Τιόέριον
953 2611 1092 2698 Καίσαρα

799 2736 865 2794 θεοῦ
882 2727 1030 2794 Σεόαστοϋ
1047 2735 1106 2794 uita

801 2843 949 2910 Σεόαστὶν
966 2853 999 2909 τὸ
1019 2853 1114 2909 actutu

798 2969 855 3025 τῶν
872 2956 1084 3044 ’Aperantiam
1100 2957 1170 3044 auid
1185 2957 1214 3044 i·

799 3082 920 3161 έρωσεν,
941 3071 1200 3159 ἐπιμελητ[εύ]ον·

798 3217 848 3268 τος
866 3186 961 3255 ἀὐτῶν
977 3187 1178 3275 Sedebam

797 3319 847 3371 τοῦ
865 3302 1036 3390 Eiic'dpeu]
1058 3304 1240 3371 Φιλοκαίσα·

800 3447 851 3507 ρος
870 3418 1131 3507 [Νικοπσλε]ίτου.

470 3618 596 3691 Vnum
623 3643 710 3691 sane
756 3615 895 3703 differt,
936 3614 1094 3688 uerbum
1132 3622 1250 3688 αὐτῶν
1269 3613 1409 3688 scilicet
1437 3640 1474 3686 u.
1503 3614 1649 3686 'lusur-

419 3754 546 3843 patum
578 3768 645 3843 pro
675 3741 741 3814 iilo
790 3743 857 3813 ἀπὸ
891 3732 1036 3841 Δελφῶν
1078 3738 1178 3839 quod
1224 3736 1376 3811 exhibet
1429 3737 1649 3810 Plutarehea

418 3866 611 3967 inscriptio
631 3877 667 3939 et
686 3865 786 3964 quod
807 3865 982 3964 deinceps
1002 3863 1196 3936 enucleare
1219 3861 1382 3935 tentabo.
1406 3860 1477 3934 Sed
1499 3861 1646 3934 titulum

456 4111 481 4164 t.
501 4107 575 4179 Spu.
592 4107 682 4161 inser.
697 4107 750 4161 Gr.
766 4106 828 4174 379,
841 4105 908 4160 adn.
922 4107 958 4170 23
979 4105 1016 4159 ci.
1034 4105 1086 4158 372
1098 4103 1165 4158 adn.
1182 4105 1206 4158 t.

454 4199 479 4253 2.
500 4197 537 4251 N.
555 4197 616 4263 203,
634 4195 711 4251 BCH
724 4195 774 4249 XX
789 4213 818 4267 p.
834 4195 896 4249 708.

454 4287 480 4341 3.
502 4285 581 4339 BCH
592 4284 654 4339 xxi
674 4303 702 4357 p.
719 4285 781 4338 475.

454 4376 480 4429 4.
501 4373 564 4427 NN.
583 4376 634 4427 203
657 4378 689 4441 -t-
714 4373 793 4441 3868,
814 4373 898 4425 cuius
917 4371 1073 4444 fragmenti
1094 4370 1228 4424 notitiam
1251 4370 1345 4424 debeo
1367 4368 1543 4441 benignitati
1560 4369 1646 4423 amici

421 4463 451 4519 P.
468 4462 617 4518 Fournier.
