3700 5684
402 663 448 734 te
880 686 925 735 nr
951 657 1144 735 nnnrvaeis

450 847 589 921 Littera
621 855 646 921 C
696 874 732 920 u.
761 850 783 921 3
813 847 965 919 initium
999 846 1106 920 uerbi
1147 838 1358 944 Elatiamoul
1389 857 1464 935 est;
1502 842 1632 920 titulus

401 971 515 1072 igitur
531 972 595 1044 ille
616 970 834 1044 tribuendus
848 982 904 1045 est
918 997 1017 1044 anno
1036 973 1121 1061 315,
1150 997 1224 1069 quo
1249 971 1347 1071 imp.·
1364 969 1632 1044 Constantinus

401 1107 438 1169 et
459 1094 673 1168 Licinianus
688 1095 852 1169 Licinius
871 1100 970 1194 Aug.
989 1122 1084 1169 coss.
1109 1107 1282 1195 quartum
1305 1098 1466 1168 luerunt.

449 1219 553 1305 Quae
582 1219 753 1320 suppleui
776 1219 938 1292 maxime
960 1219 1074 1293 dubia
1091 1245 1170 1292 esse
1194 1245 1315 1318 neque
1333 1218 1631 1318 interpretationi

401 1343 526 1418 omnia
545 1344 754 1417 satisfacere
775 1370 849 1416 non
870 1370 952 1417 sum
973 1345 1131 1417 nescius.
1150 1344 1282 1416 Dicam
1297 1354 1419 1416 tamen
1429 1330 1521 1442 *quid
1539 1342 1631 1416 mihi

401 1467 596 1542 uideatur:
620 1465 666 1541 de
683 1467 884 1542 donatione
912 1468 1073 1567 quadam
1094 1494 1181 1541 sane
1208 1468 1341 1568 agitur,
1363 1468 1428 1541 sed
1452 1469 1522 1541 hoc
1548 1496 1631 1544 mea

400 1591 551 1693 quidem
578 1593 762 1666 sententia
791 1619 874 1665 rem
897 1592 985 1666 lacit
1013 1593 1226 1692 ancipitem,
1255 1592 1414 1666 eundem
1439 1594 1630 1668 hominem

390 1740 480 1789 'esse
499 1716 564 1817 qui
588 1713 827 1790 donationem
854 1718 956 1790 illam
985 1716 1250 1790 instituendam
1270 1716 1471 1790 declarauit
1496 1729 1532 1791 et
1565 1720 1630 1818 qui

401 1851 597 1942 propterea
616 1841 716 1941 quod
737 1841 942 1940 damiurgis
961 1851 1127 1941 praeerat
1140 1840 1185 1912 de
1197 1866 1239 1913 ea
1257 1841 1336 1941 ipsa
1350 1840 1629 1939 derogationem

402 1965 498 2038 tulit.
522 1967 646 2065 Atque
672 1965 835 2066 primum
863 1966 1061 2066 pecuniam
1089 1976 1201 2039 totam
1222 1965 1260 2038 in
1280 1966 1406 2064 aliqua
1427 1992 1466 2038 re
1495 1993 1630 2039 consu-

402 2088 576 2161 mendam
595 2115 675 2162 esse
697 2090 827 2179 uoluit,
851 2091 956 2163 uelut
979 2090 1150 2163 sollemni
1168 2089 1328 2188 quodam
1347 2116 1451 2164 sacro
1466 2115 1474 2178 3
1492 2090 1627 2164 deinde

401 2211 597 2285 dimidium
625 2213 754 2286 saltem
782 2212 924 2287 detrahi
946 2214 1086 2314 placuit
1111 2214 1210 2287 etin
1231 2240 1340 2286 usum
1368 2213 1558 2313 publicum
1577 2215 1626 2288 ita

401 2338 543 2410 seruari
560 2349 600 2411 ut
615 2337 829 2410 lauarentur
849 2336 994 2412 balnea.
1013 2337 1085 2412 Sed
1098 2337 1413 2438 quemadmodum
1427 2338 1467 2411 in
1482 2339 1630 2412 uniuer-

403 2487 485 2534 sum
504 2460 597 2534 mihi
624 2460 752 2559 liquet,
782 2462 835 2535 sic
862 2462 900 2535 in
925 2462 1081 2561 singulis
1095 2463 1243 2552 haereo,
1270 2461 1567 2563 paucissimaque
1585 2462 1630 2535 de

401 2585 560 2684 eisquae
574 2584 691 2658 adieci
704 2611 916 2659 asseuerare
926 2587 1096 2660 audeam.
1115 2585 1235 2658 Etiam
1247 2585 1293 2659 de
1303 2586 1492 2659 nonnullis
1507 2585 1631 2660 uerbis

402 2735 496 2807 quae
505 2720 661 2782 aetatem
673 2711 838 2783 tulerunt
849 2710 942 2784 nihil
953 2710 1071 2784 habeo
1084 2709 1183 2809 quod
1194 2736 1399 2810 proponam
1412 2734 1419 2783 :
1432 2710 1521 2809 quid
1530 2710 1631 2784 enirn

402 2831 476 2906 sint
497 2832 581 2906 illae
601 2832 802 2933 σινπλαρίαι
829 2830 900 2931 (‘=
925 2834 1049 2909 ἁπλῶν
1076 2862 1112 2909 ιι.
1139 2836 1176 2931 9)
1206 2835 1299 2907 scire
1319 2835 1446 2923 uelim,
1471 2834 1628 2908 uerbum

402 2967 526 3030 autern
542 2956 590 3030 ab
605 2958 766 3057 leiano
786 2969 928 3032 tantum
959 2958 1185 3032 uenditionis
1208 2957 1354 3031 cuidam
1381 2958 1507 3057 generi
1525 2958 1631 3031 adhi-

403 3080 511 3154 betur
526 3107 646 3180 neque
659 3081 705 3154 de
720 3084 882 3156 nummis
894 3110 1050 3182 usquam
1061 3093 1273 3181 usurpatur.
1283 3083 1406 3182 Atque
1418 3084 1529 3155 etiam
1540 3083 1631 3181 quid

403 3231 440 3277 u.
470 3206 515 3276 l'l
535 3204 763 3303 significetur
782 3206 1001 3280 condicione
1027 3206 1091 3279 illa
1118 3206 1297 3306 pecuniae
1322 3207 1362 3278 in
1378 3232 1516 3279 annum
1544 3207 1632 3279 reti-

402 3325 544 3401 nendae
564 3338 601 3400 et
619 3330 807 3428 quomodo
839 3331 909 3403 hoc
939 3357 1024 3404 cum
1053 3331 1185 3404 ceteris
1217 3341 1398 3428 congruat
1414 3330 1552 3404 nescio.

351 3432 355 3439 Ι
450 3454 576 3527 Vnum
609 3465 707 3527 certe
734 3453 1020 3543 demonstratur,
1055 3455 1154 3555 quod
1192 3455 1267 3528 iam
1296 3455 1387 3543 dixi,
1418 3455 1631 3552 demiurgos

403 3576 515 3650 rebus
549 3575 722 3651 ciuilibus
754 3605 906 3679 operam
931 3579 1091 3653 maxime
1126 3578 1352 3654 nauauisse„
1372 3579 1505 3677 Neque·
1533 3577 1631 3652 obici

402 3697 525 3801 potest
552 3701 684 3775 coede
712 3703 912 3778 donatione
937 3704 1020 3777 ideo
1048 3702 1347 3804 pronuntiauisse
1376 3702 1475 3801 quod
1502 3729 1631 3775 eorum

402 3830 604 3934 προστάτης
624 3827 723 3905 idem
749 3841 827 3903 erat
848 3829 912 3929 qui
934 3831 1128 3929 pecuniam
1154 3853 1258 3901 suam
1279 3837 1499 3901 testamento
1521 3827 1633 3900 relin-

404 3957 589 4058 quendam
614 3954 779 4030 curabat.
797 3953 892 4026 Nam
919 3952 950 4025 si
974 3952 1067 4025 alius
1095 3950 1188 4026 ciuis
1214 3962 1323 4040 esset,
1359 3951 1406 4023 de
1434 3950 1632 4024 donatione

405 4081 647 4154 nihilominus
675 4078 901 4153 decreuisset
943 4075 1153 4175 collegium.
1209 4077 1337 4174 ltaque
1389 4075 1454 4147 illo
1482 4099 1631 4173 quoque

405 4312 512 4367 frontis
528 4312 629 4383 templi
648 4317 678 4366 ct
697 4310 794 4383 magni
810 4308 921 4375 altaris,
940 4306 1036 4379 quoad
1052 4323 1087 4361 ex
1102 4306 1176 4360 locis
1191 4305 1242 4359 ubi
1257 4307 1420 4379 fragmenta
1439 4307 1546 4362 etlossa
1564 4311 1633 4360 sunt

406 4402 508 4467 eciam,
525 4401 620 4473 posita
638 4401 704 4455 fuit.
726 4399 758 4453 ln
774 4399 830 4453 hoc
844 4398 930 4453 titulo
940 4394 1122 4450 enucleando
1136 4412 1194 4449 non
1208 4394 1279 4448 nihil
1293 4395 1411 4450 adiutus
1421 4395 1461 4449 tui
1473 4395 1510 4449 ab
1524 4395 1632 4449 doctis·

406 4491 481 4545 simo
497 4490 592 4544 amico
608 4489 641 4545 P.
655 4489 792 4559 Jouguet.
