3700 5684
754 671 953 719 rssrrnrro
1444 647 1466 717 9

242 823 340 924 quod
355 834 480 896 nostra
495 824 656 911 fossione
674 823 711 894 in
728 824 843 895 solem
862 825 1083 922 productum
1100 836 1155 896 est
1179 849 1186 896 :
1207 824 1309 895 lrons
1328 824 1468 896 cincin-

246 949 342 1021 nulis
364 949 456 1020 raris
472 974 544 1020 non
565 958 638 1019 tam
665 958 858 1045 angustata
880 974 990 1047 quam
1017 949 1307 1048 circumscripta,
1346 946 1467 1019 tenui·

242 1074 346 1145 culus
386 1072 522 1159 uultus,
565 1097 668 1144 acres
698 1073 809 1159 oculi,
851 1071 966 1144 barba
1003 1099 1050 1145 ne
1088 1073 1276 1171 superiore
1317 1071 1467 1169 quidem

241 1196 344 1268 labro
363 1195 562 1268 admodum
572 1195 713 1288 abrasa,
738 1222 874 1294 paruae
890 1223 1010 1284 aures,
1039 1223 1150 1269 nasus
1174 1195 1312 1269 allatim
1330 1195 1468 1295 promi-

241 1347 349 1411 nens,
380 1320 505 1392 omnia
532 1322 582 1393 ita
610 1320 656 1397 ad
688 1346 850 1417 unguem
874 1319 1073 1409 elaborata,
1105 1332 1146 1392 ut
1171 1321 1350 1393 artificem
1375 1346 1468 1418 opus

242 1444 465 1544 proximead
481 1444 674 1516 ueritatem
692 1444 888 1517 adduxisse
905 1445 1015 1517 etiam
1031 1472 1131 1518 nunc
1146 1445 1309 1517 iudicare
1329 1443 1459 1542 possis.

290 1570 332 1641 In
372 1569 490 1640 maius
517 1594 604 1641 sane
627 1569 894 1642 extolleremus
929 1570 1123 1641 hominum
1156 1569 1378 1641 industriam
1403 1568 1467 1665 qui

242 1693 499 1765 Romanorum
544 1695 809 1791 imperatorum
844 1705 960 1765 aetate
1002 1694 1157 1792 Delphis
1202 1693 1386 1780 aixerunt,
1436 1692 1467 1762 si

242 1843 370 1888 eorum
406 1817 573 1914 reliquiis
604 1816 729 1889 omnia
763 1817 1015 1915 antiquiorum
1055 1827 1265 1915 temporum
1314 1815 1468 1912 uestigia

242 1952 368 2041 operta
399 1952 506 2040 atque
534 1940 666 2012 obruta
692 1966 770 2012 esse
791 1941 1112 2013 contenderemus.
1136 1940 1224 2012 Illae
1242 1951 1363 2012 tamen
1385 1939 1469 2010 reli-

240 2065 348 2162 quiae
367 2065 520 2165 Delphis
540 2064 636 2137 sicut
655 2065 827 2137 Eleusine
848 2077 990 2137 crustae
1007 2065 1117 2137 modo
1137 2065 1269 2136 ceteris
1288 2090 1467 2162 superpo-

241 2189 331 2261 sitae
351 2182 449 2273 sunt‘,
472 2216 557 2261 nam
578 2189 733 2261 fodienti
754 2190 856 2288 prius
882 2190 1031 2262 obuiam
1065 2190 1169 2275 sumt,
1197 2201 1236 2261 ut
1259 2189 1309 2261 ita
1333 2189 1466 2271 dicam,

245 2314 417 2402 Romani,
448 2314 532 2386 dein
564 2314 712 2403 Graeci,
732 2340 890 2412 quorum
914 2341 1029 2413 pauca
1056 2342 1128 2387 non
1159 2325 1380 2387 commutata
1417 2312 1471 2383 illi

242 2438 438 2537 reliquere.

290 2563 336 2634 Et
362 2562 602 2635 inaedificiis
626 2590 719 2662 quae
745 2564 882 2636 intacta
908 2575 1167 2649 seruauerunt,
1192 2564 1283 2635 etin
1307 2564 1360 2634 eis
1379 2588 1470 2660 quo-

242 2714 323 2759 rum
358 2687 522 2760 labantes
550 2698 672 2787 partes
698 2689 890 2760 restituere
920 2714 1068 2759 necesse
1095 2688 1316 2774 habuerunt,
1357 2698 1393 2759 et
1431 2686 1468 2757 in

243 2811 415 2884 omnibus
432 2811 569 2910 ubique
589 2811 705 2884 muris
724 2838 881 2909 quorum
897 2812 1070 2910 planities
1087 2810 1284 2911 etiamtum
1300 2810 1467 2899 uacabat,

243 2935 412 3008 homines
429 2936 527 3008 illius
547 2936 675 3008 aetatis
687 2936 815 3008 titulos
835 2934 1036 3008 incidendo
1058 2936 1221 3007 exsecuti
1245 2948 1341 3009 sunt.
1368 2934 1467 3006 Nihil

242 3072 321 3132 tum
340 3058 866 3157 quadratariorumlibidinem
887 3060 1055 3158 ellugita
1078 3059 1189 3159 podio
1209 3071 1246 3132 et
1266 3058 1469 3131 diazomate

243 3183 374 3256 theatri
417 3210 533 3282 usque
566 3183 614 3256 ad
652 3184 811 3283 capitula
853 3186 1108 3257 columnarum
1152 3211 1246 3283 quae
1286 3184 1469 3283 porticum

243 3308 405 3380 thesauri
421 3306 467 3379 ah
485 3308 943 3381 Atheniensibusdedicati
959 3309 1200 3382 sustinebant.
1214 3309 1355 3407 Neque,
1369 3306 1469 3406 quod

242 3422 398 3495 saeculis
437 3422 605 3521 proxime
632 3424 855 3522 praegressis
888 3424 968 3497 fieri
1011 3424 1165 3511 solebat,
1211 3423 1470 3523 inscriptiones

147 3602 150 3605 a
242 3545 377 3644 quibus
397 3548 581 3645 mancipia
601 3558 777 3646 tanquam
798 3548 965 3646 Apollini
983 3549 1120 3646 Pythio
1146 3547 1295 3620 uendite
1316 3575 1335 3619 e
1353 3548 1470 3620 serui-

242 3680 318 3741 tute
334 3670 587 3743 liberabantur
610 3681 751 3743 ceteros
777 3672 901 3743 titulos
921 3698 1077 3744 numero
1099 3683 1285 3770 superant.
1309 3673 1358 3743 In
1373 3698 1470 3743 mar-

243 3793 379 3866 moreis
416 3794 618 3894 parietibus
657 3795 817 3866 thesauri
850 3795 914 3891 qui
946 3794 1090 3866 Cnidiis
1121 3795 1296 3867 tribuitur
1323 3795 1471 3867 decreta

242 3918 555 3990 continuabantur
580 3917 716 4017 quibus
747 3917 877 3990 ciuitas
915 3918 1070 3990 aduenis
1101 3919 1286 4018 impertita
1322 3930 1411 4005 erat,
1435 3929 1470 3991 et

244 4051 524 4149 perfrequenter
559 4051 683 4124 uerbis
716 4052 753 4123 in
786 4051 1050 4123 breuissimum
1085 4052 1220 4124 coactis
1247 4074 1255 4121 ε
1287 4055 1346 4124 τὸν
1375 4042 1469 4124 δεῖνα

243 4174 370 4283 Δελφοὶ
385 4177 518 4284 Δελφὸν
538 4187 716 4280 ἐποίησαν.
736 4186 842 4258 Tales
865 4184 963 4257 tituli
983 4185 1046 4256 sed
1070 4184 1177 4256 latius
1195 4184 1285 4256 fusis
1300 4185 1470 4257 formulis

241 4307 279 4378 in
303 4308 418 4379 muris
438 4334 593 4405 magnae
622 4309 723 4381 aedis
756 4309 929 4408 insculpti
953 4320 1051 4391 sunt,
1076 4310 1235 4381 maxime
1256 4309 1294 4381 in
1321 4310 1415 4382 antis
1434 4319 1471 4380 et

245 4428 282 4500 in
299 4431 418 4502 fronte
443 4457 537 4529 quae
559 4431 604 4502 ad
629 4432 807 4504 orientem
834 4443 995 4531 spectat;
1013 4459 1097 4505 nam
1125 4431 1317 4504 meridiem
1341 4458 1469 4504 uersus
