3700 5684
419 563 465 634 54
740 588 784 635 un
810 588 1091 634 anrnrcrronvu
1117 587 1321 634 ermmmrs

419 767 535 841 paene
569 739 669 813 unici
705 740 884 811 momenti
919 739 1069 828 fuerint,
1113 739 1265 838 propius
1297 738 1526 837 inspicienda
1564 747 1650 809 sunt

419 864 640 937 documenta
655 891 729 961 quo
749 863 894 963 planius
913 864 1104 962 proprium
1122 863 1191 934 nisi
1208 863 1315 936 sallor
1332 863 1548 962 epimeletae
1568 862 1649 934 offi-

419 989 518 1060 cium
534 988 750 1061 illustretur.
1191 986 1193 988 ’
1343 985 1345 987 ’

469 1112 654 1185 Nimirum
677 1113 748 1185 hoc
769 1111 862 1183 mihi
881 1136 1060 1211 perquam
1080 1111 1272 1211 probabile
1371 1121 1449 1183 etur
1472 1112 1510 1183 in
1533 1110 1649 1183 titulis
1732 1090 1736 1099 ¹

419 1249 517 1310 certe
555 1236 735 1336 delphicis
760 1237 994 1335 epimeletam
1027 1237 1091 1308 illo
1124 1237 1203 1335 ipso
1236 1263 1321 1309 nom
1397 1267 1402 1281 ·
1432 1235 1648 1335 epimeletae

420 1361 561 1435 tamdiu
581 1361 721 1433 dictum
731 1387 810 1432 esse
824 1361 1000 1458 quamdiu
1013 1360 1167 1433 niunere
1182 1360 1418 1457 fungebatur,
1434 1386 1508 1432 non
1523 1372 1644 1433 autem

419 1497 566 1587 postea3
592 1485 895 1584 inscriptionibus
914 1511 1004 1556 uero
1024 1485 1179 1558 aliarum
1200 1484 1406 1557 ciuitatium
1426 1485 1643 1583 dignitatem

419 1609 522 1681 illam
537 1609 690 1681 honoris
705 1635 813 1682 causa
828 1609 995 1681 reuocari
1013 1609 1176 1708 potuisse
1193 1608 1303 1681 etiam
1324 1612 1408 1682 cum
1429 1608 1645 1681 iamdudum

421 1734 617 1806 defunctus
636 1744 714 1807 erat
730 1732 850 1806 officio
866 1718 1074 1833 epimeleta.

469 1858 723 1957 Magistratum
740 1859 840 1930 enim
860 1885 936 1930 non
952 1870 1185 1957 perpetuum,
1204 1884 1277 1930 non
1290 1848 1346 1930 διὰ
1359 1854 1434 1956 βίου
1452 1856 1644 1929 habemus.
1680 1879 1682 1882 ·

421 1983 528 2067 Quod
558 2009 604 2055 ne
633 1982 729 2055 dicat
759 1982 842 2081 quis
867 1980 1021 2055 minime
1057 1982 1289 2081 inopinatum
1326 2008 1405 2054 esse
1435 2008 1477 2054 ac
1510 2007 1577 2081 per
1604 2007 1643 2052 se

420 2107 670 2195 manifestum,
687 2107 772 2205 quia
789 2106 1085 2205 Amphictyones
1102 2106 1138 2177 in
1161 2133 1297 2178 annum
1312 2106 1428 2178 creari
1444 2105 1542 2178 soliti
1558 2105 1643 2178 sint.

419 2232 514 2304 Nam
535 2257 580 2302 ne
598 2257 691 2330 opus
710 2231 860 2328 quidem
875 2240 931 2302 est
945 2238 1060 2327 usque
1074 2230 1118 2302 ad
1130 2241 1302 2329 quartum
1318 2242 1401 2302 ante
1419 2228 1508 2302 Chr.
1523 2255 1645 2301 saecu-

419 2357 497 2428 lum
517 2355 675 2454 regredi,
698 2381 772 2452 quo
794 2355 1118 2427 hieromnemones
1139 2355 1282 2452 aliquot
1306 2354 1561 2453 magistratum
1582 2341 1647 2452 per

420 2491 560 2578 septem
581 2480 641 2551 uel
662 2490 745 2551 octo
764 2506 881 2552 annos
900 2479 1161 2551 continuantes
1180 2478 1355 2551 uidimus.
1379 2479 1499 2550 Immo
1520 2505 1645 2550 exem-

417 2605 520 2704 plum
554 2603 644 2675 illud
679 2602 899 2675 reducamus
935 2628 942 2675 :
979 2603 1168 2701 quomodo
1202 2604 1379 2675 Petraeus
1410 2602 1467 2674 bis
1501 2602 1645 2700 magnis

420 2728 564 2826 Pythiis
582 2754 749 2829 praeesse
769 2730 777 2773 ¹
800 2728 992 2826 potuisset,
1013 2728 1044 2799 si
1059 2753 1204 2800 annuus
1226 2727 1379 2799 suisset?

468 2853 636 2925 Primum
667 2852 949 2924 meminerimus
968 2863 1119 2951 oportet
1144 2852 1220 2923 lere
1238 2852 1378 2924 nullam
1402 2879 1478 2923 rem
1500 2864 1645 2952 praeter

416 2977 552 3075 Pythia
576 2977 777 3073 concilium
801 2977 1142 3075 amphictyonicum
1184 2987 1271 3048 tunc
1304 3002 1415 3075 opera
1452 2987 1489 3047 et
1520 2977 1643 3050 studio

418 3100 592 3200 prosequi
612 3099 762 3172 solitum
785 3126 876 3172 esse.
905 3100 1013 3183 Quod
1036 3110 1202 3188 testatur,
1234 3112 1274 3171 ut
1298 3100 1517 3172 Plutarchea
1536 3127 1646 3199 opus·

419 3226 502 3298 cula
516 3236 553 3297 et
575 3225 790 3324 praesertim
813 3221 1041 3322 συμποσιακά
1084 3224 1387 3322 praetermittam,
1417 3251 1550 3323 magna
1582 3226 1644 3298 illa

421 3348 599 3422 Hadriani
617 3348 773 3447 epistula
795 3348 900 3420 cuius
925 3349 1130 3445 fragmenta
1155 3374 1242 3420 mox
1259 3348 1426 3447 perleges
1450 3373 1460 3420 τ
1485 3349 1531 3421 de
1558 3375 1644 3421 con·

420 3480 534 3544 u'entu
545 3473 644 3544 enim
657 3473 1049 3544 hieromnemonumet
1065 3473 1109 3544 de
1126 3472 1223 3544 ludis
1240 3483 1312 3544 tam
1324 3472 1533 3571 promiscue
1552 3473 1645 3546 dixit

419 3598 619 3695 imperator
636 3607 677 3668 ut
699 3622 809 3668 unam
830 3596 1058 3695 eandemque
1082 3598 1272 3669 materiem
1291 3597 1504 3669 tractauisse
1523 3596 1645 3671 uidea-

419 3731 490 3794 tur.
520 3722 617 3820 Ergo
644 3721 717 3793 iam
746 3748 813 3821 per
840 3748 878 3793 se
910 3721 1112 3794 uerisimile
1144 3722 1295 3819 quidem
1324 3732 1402 3793 erat
1430 3722 1645 3820 epimeletas

419 3845 737 3945 Amphictyonum
767 3856 851 3918 ante
881 3847 1005 3918 omnia
1035 3846 1132 3917 ludis
1164 3844 1394 3918 celebrandis
1416 3846 1644 3945 praepositos

418 3971 553 4055 luisse3
594 3970 657 4042 sed
702 3981 892 4069 praeterea
935 3970 1135 4042 nonnullos
1186 3981 1284 4041 certe
1343 3996 1474 4042 eornm
1513 3996 1642 4042 reuera

323 4126 325 4131 ·
419 4093 639 4193 ἀγωνοθέτας
655 4096 767 4167 luisse
784 4094 1034 4194 comperimus
1053 4125 1060 4166 :
1080 4094 1298 4167 nominandi
1314 4095 1352 4166 in
1371 4095 1501 4194 primis
1517 4096 1642 4194 Mega-

437 4372 461 4430 l.
484 4370 505 4424 l.
524 4371 669 4439 Pomtow,
687 4371 707 4423 ἱ.
729 4372 749 4428 l.
