3700 5684
655 694 698 741 uu
725 693 973 742 nncnonrnrvs
1380 668 1428 742 33

251 846 308 920 Ad
330 846 372 920 P.
395 845 543 919 Aelium
564 836 822 944 Pythodorum
838 872 940 925 nunc
964 843 1088 933 uenio,
1107 844 1213 917 cuius
1233 870 1369 919 nomen
1389 845 1427 918 in

200 969 439 1072 inscriptione
454 969 667 1070 nuperrime
684 971 792 1044 alluta
805 971 977 1069 supplere
1002 995 1077 1041 non
1097 968 1284 1056 dubitaui3
1307 995 1429 1069 neque

200 1095 299 1168 enim
314 1095 427 1169 alium
447 1095 491 1168 P.
509 1094 658 1169 Aelium
681 1095 898 1195 Delphnme
919 1092 1055 1167 nostris
1071 1093 1305 1167 documentis
1323 1094 1429 1168 noui-

198 1245 293 1293 mus.
308 1220 477 1293 Fortasse
492 1245 608 1318 nepos
622 1216 722 1303 illius
735 1217 1284 1327 Pythodoriquemarchontem
1305 1219 1428 1318 priore

196 1343 342 1416 saeculo
371 1342 484 1416 fuisse
502 1342 716 1416 monuimus
737 1344 763 1437 ¹,
785 1344 940 1415 fortasse
962 1342 1073 1416 etiam
1095 1342 1193 1416 filius
1220 1342 1429 1441 Pythodori

196 1466 387 1541 cuiusdam
405 1466 452 1540 de
462 1467 736 1566 quoinTraiani
745 1467 915 1567 ppistulis
926 1467 1059 1566 agitur,
1071 1467 1115 1540 Ρ.
1127 1465 1189 1540 hic
1203 1467 1333 1540 Aelius
1343 1465 1425 1552 fuit,

194 1591 259 1692 qui
276 1592 415 1665 archon
433 1601 512 1665 erat
528 1572 615 1665 oum
628 1591 672 1666 C.
688 1591 804 1689 Iulius
822 1590 1039 1664 Eudaemon
1054 1590 1295 1664 Atheniensis
1308 1591 1425 1664 hono·

196 1718 297 1781 ratus
316 1718 372 1780 est
389 1709 416 1780 ².
438 1708 556 1781 Porro
582 1734 627 1779 ex
648 1706 772 1787 uerbis
790 1732 885 1805 quse
900 1706 987 1779 huic
1008 1705 1114 1779 titulo
1133 1706 1300 1805 subiecto
1326 1715 1425 1797 sunt,

198 1830 350 1914 ἑνείκαδὲ
369 1840 428 1912 καὶ
450 1831 579 1923 Πύθια,
603 1866 678 1912 nou
702 1851 840 1913 temere
882 1839 1052 1912 intuleris
1087 1838 1293 1937 Pythodori
1329 1866 1428 1914 enno

199 1964 335 2064 Pythia
357 1962 541 2037 celebrata
562 1989 654 2037 esse.
680 1964 775 2037 Num
798 1973 860 2036 eut
880 1962 1139 2063 quadmturius
1166 1988 1208 2036 eu
1227 1963 1428 2063 postmodo

198 2087 330 2161 adiecit
345 2096 421 2175 aut,
440 2086 540 2186 quod
554 2087 783 2186 probabilius
793 2086 885 2161 mihi
903 2087 1064 2176 uidetur,
1081 2087 1271 2161 decretum
1290 2088 1428 2161 factum

197 2188 343 2287 estante
362 2211 515 2311 Pythie,
532 2212 572 2286 in
594 2212 714 2312 primo
737 2221 777 2285 ut
802 2223 891 2311 putu
910 2212 1152 2302 summense,
1165 2221 1201 2285 et
1219 2221 1304 2311 post
1321 2212 1429 2285 ludos

196 2346 363 2435 peractos
380 2335 632 2410 Eudaemonis
650 2336 805 2410 uictoria
821 2335 1006 2436 insculpta
1024 2345 1092 2410 est.
1112 2335 1210 2435 Ergo
1226 2346 1288 2409 uut
1303 2363 1336 2410 a.
1358 2337 1428 2409 119

198 2469 261 2534 aut
279 2487 313 2536 a.
336 2461 406 2534 123
424 2459 640 2560 Pythodoro
658 2460 821 2534 tribuere
838 2459 1017 2558 cogimur.

251 2584 491 2659 Buleutarum
507 2611 596 2658 uero
611 2584 676 2684 qui
691 2585 822 2658 eodem
838 2609 936 2657 anno
954 2610 1021 2658 suo
1040 2609 1193 2658 munere
1209 2584 1325 2658 functi
1342 2593 1430 2659 sunt

199 2720 332 2783 neuter
349 2720 406 2783 est
422 2709 725 2811 praetereundus.
748 2709 843 2781 Nam
862 2708 935 2782 hoc
952 2707 1060 2783 titulo
1080 2712 1094 2755 ³
1124 2734 1132 2783 :

575 2864 580 2871 ι
603 2891 695 2969 Θεὸς.
722 2889 811 2976 Τύχα
835 2890 943 2974 ἀγαθά.

467 3006 503 3072 Γ.
531 3003 656 3073 Ἰούλιον
677 3006 839 3072 Καπίτωνα
857 3005 1017 3071 Monetium
1033 3005 1117 3071 Δελ-

467 3126 514 3208 ροὶ
530 3121 647 3208 Δελφὸν
668 3126 806 3204 ἐποίησαν
826 3122 926 3188 καὶτὰ
945 3125 1027 3187 ἄλλα
1044 3124 1140 3188 πάντα

469 3242 580 3304 ἔδωκαν
595 3240 649 3305 ὅσα
663 3252 725 3316 τοῖς
740 3242 845 3316 καλοῖς
861 3237 1004 3323 κάγαθοῖς
1020 3237 1070 3303 ἂν·

467 3356 550 3440 δράσι
565 3358 685 3421 δίδοται.
704 3350 873 3441 Ἀρχοντος
885 3353 993 3420 Αἰλίου
1014 3353 1117 3419 Πυθο-

469 3469 576 3556 δώρου,
594 3473 795 3550 βουλευόντων
818 3465 948 3535 Ἀὅιδίου
973 3465 1094 3551 Ὀνησι-

429 3624 432 3631 ·
469 3588 559 3670 φόρου
575 3589 625 3650 καὶ
644 3585 797 3652 Πανουίου
818 3581 981 3650 Ὀττάτου.

200 3794 351 3869 nomina
374 3793 449 3867 duo
478 3792 695 3871 adseruntur
722 3819 816 3892 quae
846 3818 920 3863 non
943 3791 1107 3892 primum
1132 3793 1194 3866 hic
1214 3808 1428 3871 occurrunt.

201 3919 343 4017 Nempe
361 3918 422 3991 hic
438 3915 708 4016 Onesiphorus,
726 3916 791 4014 qui
805 3941 943 3988 nomen
962 3915 1009 3988 ab
1027 3941 1103 3990 uno
1125 3929 1188 3990 aut.
1205 3918 1320 3992 altero
1340 3920 1432 3993 nui·

191 4260 195 4267 ι
237 4202 465 4349 1ἒ1311111211111
479 4309 508 4364 p.
522 4293 556 4347 98
571 4297 600 4346 et
613 4290 676 4344 xlx
685 4307 714 4363 p.
731 4291 792 4345 548.
804 4291 1012 4363 Fragmentum
1025 4307 1142 4364 quoque
1153 4309 1211 4364 quo
1224 4298 1354 4349 extrema
1364 4313 1431 4368 pers

201 4380 358 4454 Πυθοδώρου
376 4381 505 4436 nominis
521 4380 695 4436 adseruntur
709 4386 824 4436 erutum
839 4398 906 4436 esse
921 4396 1015 4453 paene
1026 4398 1079 4452 pro
1091 4386 1172 4437 certo
1186 4382 1292 4438 habeo.

240 4472 267 4525 3.
288 4471 324 4526 N.
342 4471 423 4527 4069.
1294 4548 1309 4592 ³
