3700 5684
416 636 438 705 8
931 658 1127 703 unsaraim

415 811 465 895 fit,
497 809 648 881 densius
690 809 856 907 stipatae.
902 809 1015 881 Extra
1051 807 1209 907 periboli
1245 834 1371 880 muros
1400 808 1446 879 ab
1485 819 1638 909 utraque

414 944 516 1033 parte
553 933 684 1004 balnea
717 932 928 1030 patebant:
968 932 1187 1032 hypocausti
1219 932 1373 1028 uestigia
1409 931 1638 1004 occidentem

416 1084 545 1130 uersus
560 1067 766 1144 remanent,
792 1055 854 1128 sed
872 1058 988 1128 multo
1008 1060 1165 1127 maiores
1183 1067 1288 1127 erant
1306 1056 1470 1128 thermae
1488 1082 1581 1154 quae
1593 1056 1639 1127 ad

415 1183 596 1254 orientem
620 1191 798 1279 spectant.
827 1181 869 1251 In
888 1180 946 1252 his
970 1181 1137 1253 locorum
1161 1179 1353 1252 instructio
1378 1181 1497 1252 adhuc
1523 1179 1640 1251 cerni-

418 1316 489 1393 tur,
511 1314 547 1376 ct
566 1305 680 1377 cellae
708 1304 818 1376 unius
848 1316 911 1376 aut
930 1303 1081 1376 alterius
1104 1303 1373 1403 pauimentum,
1399 1304 1640 1375 uermiculato

417 1430 638 1502 emblemate
661 1438 828 1500 stratum.
844 1431 974 1526 Aquae
995 1428 1031 1498 in
1049 1454 1224 1526 magnum
1245 1429 1517 1526 receptaculum
1537 1428 1641 1501 colli-

417 1553 599 1651 gebantur
622 1551 721 1649 quod
743 1562 919 1651 tanquam
946 1552 1161 1650 planissimo
1186 1552 1409 1624 documento
1437 1551 1543 1623 nobis
1571 1562 1637 1638 est,

418 1703 556 1749 nouum
586 1702 709 1747 rerum
751 1674 919 1747 ordinem
952 1675 1118 1747 extitisse
1153 1704 1159 1746 :
1193 1676 1375 1775 porticum
1398 1676 1496 1746 enim
1525 1676 1640 1746 multo
1678 1741 1680 1745 ,

417 1808 675 1881 uestustiorem
691 1818 728 1880 et
741 1810 907 1907 πωρίναις
928 1809 1112 1881 columnis
1131 1818 1354 1880 exstructam
1381 1809 1552 1896 Romani,
1578 1819 1641 1880 aut

416 1934 552 2031 Delphi
581 1932 760 2005 Romanis
777 1932 1352 2015 iubentibus,accomodauerunt
1367 1932 1515 2004 utilitati
1540 1933 1642 2004 clau-

415 2057 538 2155 sisque
558 2056 854 2128 intercolumniis
872 2057 1040 2153 ingentes
1060 2082 1186 2127 muros
1208 2056 1550 2155 erexeruntquibus
1566 2058 1641 2127 lor-

416 2180 479 2251 nix
495 2180 667 2277 imposita
687 2191 753 2251 est.
780 2179 920 2251 Eodem
940 2179 1051 2251 modo
1067 2180 1103 2251 in
1125 2180 1479 2277 compluribuslocis
1500 2192 1536 2251 et
1546 2181 1640 2252 intra

381 2392 385 2400 ,
419 2304 577 2403 periboli
600 2315 767 2402 saeptum
789 2303 962 2402 antiquos
981 2330 1119 2387 muros,
1143 2304 1221 2375 siue
1247 2305 1404 2376 isodomi
1428 2316 1530 2377 erant
1564 2305 1643 2376 siue

418 2456 464 2501 ex
498 2428 711 2528 polygoniis
735 2427 919 2527 lapidibus
945 2427 1174 2514 constabant,
1199 2429 1304 2527 quasi
1333 2428 1641 2528 duplicauerunt:

418 2578 517 2625 nunc
542 2553 652 2624 etiam
678 2553 804 2624 multis
828 2579 955 2625 eorum
979 2552 1139 2624 laterarii
1163 2553 1393 2625 incumbunt.
1413 2554 1643 2626 Anteomnia

417 2677 479 2749 hic
503 2676 743 2749 memoranda
761 2686 816 2749 est
839 2678 958 2775 platea
987 2703 1080 2775 quac
1096 2688 1180 2749 ante
1195 2676 1496 2775 opisthodomum
1516 2677 1643 2776 templi

415 2801 504 2874 olim
533 2800 777 2900 pandebatur,
804 2828 897 2900 quae
928 2801 1103 2874 aediculis
1132 2801 1274 2900 aliquot
1297 2828 1341 2873 ex
1365 2801 1540 2874 latericiis
1570 2800 1643 2874 illis

416 2926 533 2998 muris
548 2926 743 2999 exstructis
760 2925 916 2998 dimidio
932 2927 1055 2998 minor
1069 2928 1163 2999 facta
1182 2936 1248 2999 est.

465 3049 601 3122 Statuis
637 3076 785 3149 quoque
818 3076 960 3122 sacram
996 3050 1182 3148 Apollinis
1211 3048 1336 3122 sedem
1369 3049 1642 3122 adornauerunt

417 3199 513 3272 quae
540 3175 571 3244 si
601 3200 675 3245 non
712 3173 817 3270 signa
843 3185 1038 3271 ceteraque
1068 3199 1281 3271 graecarum
1311 3175 1444 3246 artium
1474 3176 1594 3274 capita
1622 3200 1642 3246 a

416 3296 519 3369 Sulla
543 3308 579 3370 et
600 3298 745 3370 Nerone
771 3297 915 3370 sublata
944 3298 1149 3397 pensabant
1172 3308 1210 3369 at
1235 3299 1498 3370 nonnullorum
1519 3299 1642 3371 locum

416 3432 541 3493 tenere
562 3412 796 3494 uidebantur.
821 3423 932 3494 Velut
956 3423 994 3493 in
1023 3448 1094 3494 una
1119 3449 1164 3494 ex
1182 3424 1235 3495 eis
1250 3423 1351 3495 cellis
1368 3449 1463 3521 quae
1485 3425 1641 3522 plateam

417 3555 500 3616 ante
526 3546 828 3643 opisthodomum
851 3546 1113 3645 praetexebant
1141 3546 1272 3619 intimo
1300 3547 1429 3645 parieti
1463 3548 1643 3646 applicata

417 3667 538 3740 stabat
557 3670 807 3768 pulcherrima
819 3672 975 3743 Antinoi
990 3671 1148 3767 efligies3
1172 3672 1254 3743 etin
1267 3671 1473 3770 ipsaplatea
1487 3672 1643 3743 rotunda

417 3792 515 3865 basis
550 3794 658 3866 cuius
692 3794 882 3892 inscriptio
909 3795 1030 3894 periit,
1081 3822 1191 3893 quam
1221 3796 1454 3893 imperatoris
1489 3796 1643 3868 alicuius

417 3926 574 3989 statuam
605 3918 754 3991 tulisse-
766 3932 1055 3992 consentaneum
1094 3930 1159 3991 est.
1208 3920 1313 3991 Adde
1355 3920 1516 3991 hominis
1562 3920 1644 3992 bar-

418 4041 494 4113 bati
519 4054 629 4141 caput
656 4043 755 4140 quod
780 4044 810 4116 I.
845 4045 1015 4116 Pomtow
1041 4044 1182 4143 primus
1212 4044 1444 4132 illustrauit',
1471 4044 1643 4141 aliudque

454 4351 479 4404 l.
502 4350 581 4404 Libri
594 4353 643 4423 qui
660 4353 808 4425 Beitracye
823 4372 876 4407 :ur
894 4355 1094 4426 Topoyrapbie
1111 4373 1163 4407 oon
1179 4355 1285 4426 Delphi
1300 4355 1468 4409 inscribitur
1480 4373 1508 4427 p.
1526 4358 1641 4409 tto-tlt

417 4444 447 4491 et
460 4439 518 4494 tab.
537 4439 612 4496 Xlll.
