3700 5684
400 643 447 712 96
892 664 1086 713 ‹toucnvsm

396 820 531 892 iterum
549 819 727 891 reuixisse
748 817 854 890 nobis
867 820 941 891 iam
959 820 1045 891 lieet
1062 817 1548 890 contendere'Facillimum
1568 829 1625 891 est

397 970 495 1017 nunc
521 942 673 1043 quidem
699 969 744 1014 ex
771 955 907 1015 euentu
937 943 1114 1031 iudicare,
1143 941 1359 1041 aequalibus
1382 954 1504 1015 autem
1533 943 1624 1015 lalsa

397 1078 470 1141 non
484 1078 627 1168 poterat
649 1067 767 1139 uideri
788 1066 996 1165 splendoris
1015 1094 1056 1139 ea
1079 1069 1220 1166 speeies
1237 1072 1331 1165 quae
1357 1067 1623 1164 imperatorum

398 1194 508 1265 simul
537 1205 645 1290 atque
679 1193 845 1264 Deorum
885 1203 1064 1290 potestate
1099 1217 1245 1290 semper
1286 1192 1324 1263 in
1358 1202 1437 1263 tuto
1483 1193 1625 1263 firmata

398 1316 614 1417 apparebat.¹
637 1317 765 1415 ltaque
789 1315 834 1387 de
856 1315 921 1387 illo
955 1327 1122 1415 tempore
1147 1315 1184 1388 in
1219 1315 1348 1415 primis
1382 1315 1494 1413 digno
1525 1314 1625 1414 quod

398 1441 545 1542 penitus
581 1440 858 1539 introspiciatur
889 1441 943 1512 sic
976 1441 1084 1512 liceat
1122 1442 1376 1539 quaestionem
1413 1440 1624 1512 summatim

399 1566 563 1664 aggredi.

449 1691 582 1788 Magna
595 1689 746 1789 quidem
768 1688 914 1786 ingenia
940 1715 1096 1775 cessere,
1121 1689 1185 1761 sed
1203 1689 1293 1761 haec
1313 1688 1435 1761 omnis
1453 1715 1546 1787 quae
1572 1701 1627 1760 est

399 1815 444 1887 de
464 1815 538 1887 uita
554 1826 590 1887 et
606 1813 774 1887 moribus
795 1813 989 1885 hominum
1016 1814 1264 1912 philosophia,
1290 1840 1364 1885 non
1388 1813 1529 1912 aliquot
1551 1814 1624 1884 iam
1686 1828 1692 1837 ’

400 1939 623 2037 sapientium
642 1938 778 2010 scholis
792 1938 948 2023 inclusa,
970 1938 1014 2009 ad
1037 1938 1205 2009 homines
1225 1937 1342 2009 multo
1357 1939 1626 2035 frequentiores

324 2117 329 2127 .
398 2075 436 2135 et
460 2061 637 2161 usquead
656 2088 893 2134 communem
921 2062 1100 2160 populum
1128 2061 1329 2134 descendit.
1354 2061 1624 2133 Testimonium

399 2214 474 2259 non
495 2187 639 2259 sanein
664 2187 784 2258 maius
805 2186 1069 2272 extollendum,
1093 2186 1254 2259 notabile
1279 2196 1402 2258 tamen
1431 2186 1629 2285 praebetur

399 2311 467 2383 hac
496 2337 593 2383 noua
620 2310 791 2397 formula,
824 2311 860 2381 in
896 2309 1052 2382 decretis
1076 2321 1157 2382 tum
1185 2310 1447 2383 usitatissima:
1471 2314 1535 2382 ὅσα
1557 2323 1628 2394 τοῖς

400 2435 524 2519 καλοῖς
557 2435 615 2506 καὶ
644 2433 787 2534 ἀγαθοῖς
818 2424 962 2533 ἀνδράσι
987 2424 1132 2516 δίδοται,
1179 2461 1250 2532 qua
1294 2435 1489 2532 antiquum
1538 2433 1628 2506 illud

400 2557 555 2657 καθάπερ
567 2571 640 2641 τοῖς
655 2558 779 2641 ἄλλοις
797 2551 972 2656 προξένοις
983 2559 1042 2629 καὶ
1052 2556 1250 2657 εὐεργέταις
1261 2558 1451 2630 detrusum
1468 2570 1535 2631 est.
1553 2559 1628 2630 Nec

399 2684 534 2790 talibus
552 2683 663 2755 rebus
685 2683 876 2755 immorari
894 2683 981 2753 uolo
998 2709 1211 2781 quanquam
1232 2684 1430 2755 nonnullos
1456 2684 1628 2754 nouimus

352 2792 357 2797 ⁵
400 2807 653 2907 philosophos,
687 2807 892 2906 platonicos
919 2807 1135 2906 praesertim
1170 2834 1301 2878 uerum
1330 2808 1422 2879 alios
1465 2833 1626 2906 quoque,

400 2934 464 3032 qui
489 2933 632 3030 uulgari
657 2931 818 3029 quodam
848 2936 1103 3031 συγκρητισμῷ
1131 2931 1314 3003 maiorum
1336 2932 1554 3027 religionem
1583 2930 1628 3003 ad

400 3057 623 3129 naturalium
661 3083 784 3128 rerum
819 3056 1011 3128 scientiam
1056 3068 1092 3129 et
1130 3056 1174 3127 ad
1211 3055 1410 3128 humanam
1447 3057 1628 3129 rationem

397 3181 678 3253 accommodare
691 3191 939 3252 tentauerunt.
955 3182 1097 3279 Nempe
1107 3180 1349 3277 omniaquae,
1364 3180 1630 3253 ιιῐπλατωνιστί

399 3307 542 3404 loquar,
568 3305 684 3402 magis
704 3305 750 3376 ad
777 3294 877 3388 δοξαν
907 3306 1060 3376 fortasse
1086 3302 1202 3399 ἀληθῆ
1229 3330 1341 3402 quam
1360 3304 1405 3377 ad
1431 3301 1630 3402 ἐπιστήμην

400 3429 558 3502 attinent
590 3455 691 3501 nunc
727 3428 1054 3528 praetermittenda
1088 3455 1167 3501 esse
1206 3455 1352 3502 censeo.
1381 3429 1451 3502 Sed
1483 3429 1512 3501 si
1549 3429 1631 3527 quis

399 3555 580 3627 acriorem
611 3579 739 3626 earum
774 3578 899 3625 rerum
932 3579 1060 3625 curam
1100 3580 1193 3651 quae
1238 3553 1284 3625 ad
1324 3554 1439 3625 uitam
1477 3554 1630 3625 honeste

401 3679 599 3778 regendam
621 3688 786 3777 spectant
810 3689 847 3750 et
880 3678 981 3750 illam
1013 3678 1202 3751 caritatem
1229 3679 1374 3776 generis
1404 3678 1558 3750 humani
1596 3687 1633 3749 et

403 3806 568 3876 Deorum
587 3829 765 3890 amorem,
783 3813 821 3874 ut
839 3803 1034 3889 indicam,
1053 3829 1170 3901 paene
1187 3803 1339 3875 anxium
1365 3803 1402 3874 in
1426 3803 1633 3874 teneriores

400 3931 544 4001 animos
570 3939 655 4000 tunc
686 3928 878 4027 irrepsisse
906 3940 1028 4024 negat,
1060 3925 1294 3999 obliuiscitur
1322 3929 1487 4026 prolecto
1521 3953 1632 4025 quam

399 4054 568 4126 celeriter
605 4053 892 4124 christianorum
924 4051 1014 4123 fides
1047 4078 1111 4150 per
1144 4063 1271 4149 gentes
1299 4063 1337 4122 et
1372 4051 1533 4123 maxime
1563 4078 1630 4150 per

403 4169 552 4241 urbium
580 4168 726 4267 plebem
756 4167 972 4240 manauerit.
1003 4166 1073 4239 Cui
1104 4168 1157 4239 rei
1188 4169 1256 4239 etsi
1287 4167 1476 4239 diuersum
1509 4166 1632 4266 primo

402 4293 575 4391 adspectu
626 4293 772 4365 uidetur
822 4318 901 4364 esse
944 4318 1015 4363 non
1064 4318 1214 4389 possum
1266 4296 1364 4363 non'
1398 4291 1632 4391 splendidum

403 4418 632 4515 Delphorum
682 4416 794 4489 decus
848 4416 999 4488 alterius
1045 4442 1080 4513 p.
1128 4415 1217 4489 Chr.
1266 4417 1404 4489 saeculi
1449 4417 1631 4489 conferre.

403 4542 579 4616 Eiusdem
594 4542 693 4613 enim
713 4541 859 4640 generis
877 4541 969 4614 duas
988 4539 1134 4639 speeies
1154 4549 1270 4615 tenes.
