3700 5684
402 644 459 732 Ι80
716 702 724 713 .
768 666 813 713 ur
841 665 1095 713 rnrnnnronrn
1122 664 1299 712 rrrsrvrrs

463 822 663 918 Postquam
678 817 778 891 enim
798 796 936 890 demis
951 816 1015 915 qui
1033 829 1132 889 certa
1146 817 1306 916 quadarn
1324 816 1403 916 lege
1420 816 1641 914 Pythiorum

284 1030 286 1035 ,
413 942 677 1017 certaminibus
692 944 845 1030 aderant
867 969 982 1041 pauca
1006 941 1122 1014 edixit
1142 941 1352 1014 Hadrianus
1381 942 1431 1037 (u.
1455 940 1574 1039 7-12),
1596 940 1642 1013 ad

414 1068 589 1166 suffragia
608 1068 728 1168 pergit
749 1093 843 1164 quae
867 1077 994 1166 gentes
1010 1066 1323 1166 Amphictyoniae
1341 1066 1537 1166 participes
1555 1064 1641 1137 inde
1682 1084 1685 1089 ’

413 1193 459 1267 ab
478 1197 647 1290 Augusto
661 1191 858 1265 habebant.
878 1190 973 1264 Cum
989 1218 1026 1264 u.
1048 1192 1113 1262 3-5
1131 1191 1282 1263 alterius
1297 1191 1492 1262 columnae
1507 1190 1537 1262 si
1552 1216 1642 1262 eon-

413 1318 541 1390 tuleris
566 1343 605 1389 ea
635 1342 729 1413 quae
759 1315 963 1388 Pausaniae
989 1315 1035 1387 de
1063 1341 1100 1387 re
1121 1314 1420 1413 amphictyonica
1449 1314 1640 1403 debemus

413 1440 589 1542 probabis
623 1442 660 1513 in
698 1468 733 1512 u.
769 1442 878 1513 tlt-tl
910 1440 1046 1538 prioris
1073 1440 1268 1512 columnae
1299 1439 1446 1511 illarum
1477 1437 1642 1538 gentium

414 1565 566 1638 nomina
583 1564 748 1638 restituta
769 1590 862 1636 esse.
887 1565 981 1635 Nam
1004 1563 1188 1636 Thessalis
1208 1589 1270 1634 sex
1289 1562 1517 1661 totidemque
1534 1562 1643 1634 Nico-

412 1689 586 1789 politanis
608 1687 780 1786 suffragia
803 1688 990 1786 impertita
1014 1699 1119 1759 erant
1142 1699 1179 1760 et
1201 1687 1275 1758 illis
1300 1688 1515 1785 praesertim
1541 1685 1642 1784 quod

416 1826 559 1886 ueteres
575 1814 732 1913 populos
752 1813 939 1885 Aenianes
955 1812 1118 1910 Dolopes
1132 1812 1223 1883 alios
1237 1813 1274 1883 in
1294 1838 1408 1883 unum
1424 1837 1509 1883 oum
1529 1812 1644 1882 Thes-

413 1937 500 2012 salis
524 1938 715 2036 redegerat
738 1939 940 2034 Augustus.
967 1937 1096 2035 Itaque
1123 1963 1159 2007 u.
1186 1937 1294 2007 lt-ltt
1343 1928 1426 2032 [τῶν
1469 1928 1586 2031 ἐθνῶν]
1615 1926 1620 2029 l

414 2069 486 2136 τῶν
501 2074 547 2160 τῇ
572 2053 771 2159 Θεσσ[αλίᾳ
790 2060 991 2156 ἀνηκόντων
1006 2061 1079 2157 legi
1096 2086 1153 2132 res
1173 2060 1252 2159 ipsa
1268 2061 1438 2160 postulat.
1454 2059 1578 2132 Sedu.
1599 2060 1643 2132 l'l

414 2186 553 2284 aliquid
587 2188 694 2285 plane
727 2185 815 2258 noui
849 2197 1001 2284 apparet
1029 2186 1058 2257 si
1092 2184 1243 2283 quidem
1276 2194 1388 2267 reete,
1422 2195 1463 2255 ut
1495 2184 1640 2282 opinor,

414 2301 567 2410 thlotul
597 2312 658 2382 hie
684 2309 865 2381 laudatur.
897 2309 951 2380 De
975 2310 1097 2381 Nerua
1124 2309 1223 2380 enim
1253 2309 1283 2380 si
1313 2319 1495 2404 ageretur,
1524 2308 1644 2379 Diuus

414 2460 641 2534 praenomen
689 2460 764 2505 non
809 2432 989 2505 omissum
1034 2444 1142 2506 esset.
1184 2433 1371 2505 Neronem
1409 2459 1500 2505 uero
1533 2430 1644 2503 rebus

414 2558 726 2658 amphictyonicis
743 2583 893 2656 operam
913 2558 1108 2629 nauauisse
1128 2557 1336 2629 inauditum
1359 2568 1426 2644 est,
1449 2568 1559 2655 atque
1579 2556 1643 2629 illo

414 2708 562 2782 quoque
575 2682 753 2781 epistulae
769 2683 851 2753 loco
863 2681 1093 2754 Hadrianum
1110 2664 1156 2754 de
1171 2681 1330 2753 concilio
1343 2667 1644 2780 amphictyonieo

414 2833 545 2882 reuera
568 2807 734 2879 locutum
761 2832 840 2879 esse
872 2816 975 2905 put0‚
1004 2832 1216 2904 quanquam
1249 2806 1396 2878 diuersa
1422 2806 1577 2877 miscere
1604 2814 1641 2875 ut

414 2922 488 2995 iam
511 2922 652 2995 dictum
673 2933 728 2994 est
747 2921 837 2994 etin
858 2921 968 2994 aliam
991 2947 1069 2993 rem
1090 2934 1339 2994 transcurrere
1355 2920 1506 2993 amauit.

465 3046 573 3131 Quod
592 3047 739 3146 planius
759 3045 869 3118 etiam
886 3046 1112 3143 intellegitur
1128 3073 1173 3116 ex
1189 3047 1302 3118 altera
1321 3045 1486 3118 eiusdem
1508 3046 1645 3143 epistu-

415 3173 471 3244 lae
505 3173 679 3244 columna
710 3170 815 3243 cuius
844 3169 973 3243 decem
1004 3196 1133 3242 uersus
1162 3170 1296 3267 integri
1324 3169 1481 3242 feliciter
1509 3167 1642 3241 sernat'

415 3305 513 3368 sunt.
538 3295 609 3367 Hic
627 3295 727 3366 enim
747 3320 820 3392 quo
840 3293 988 3366 dicendi
1007 3319 1143 3391 genere
1163 3292 1428 3366 subtilissimus
1446 3293 1507 3365 ille
1525 3293 1643 3392 impe·

415 3430 516 3492 rator
530 3445 619 3491 usus
640 3418 686 3491 sit
705 3416 960 3517 pernouimus.
987 3418 1189 3517 Postquam
1209 3417 1254 3490 de
1271 3416 1561 3517 Amphictyonia
1580 3416 1647 3488 ite-

416 3570 500 3615 rum
525 3543 708 3632 tractauit,
741 3553 777 3614 et
805 3542 850 3614 de
878 3543 1059 3614 sententia
1088 3568 1106 3614 a
1142 3569 1180 3614 se
1211 3543 1293 3640 ipso
1324 3542 1363 3613 in
1397 3552 1526 3614 senatu
1557 3541 1642 3628 lata,
1772 3588 1776 3595 -

416 3678 527 3767 atque
561 3667 814 3766 pronuntiauit
855 3665 1150 3739 Atheniensibus
1188 3666 1563 3765 Lacedaemoniisque
1599 3707 1647 3719 —

416 3803 569 3891 propter
594 3804 756 3864 ueterem
787 3790 927 3890 patriae
959 3791 1169 3863 laudem—
1189 3790 1442 3863 distribuenda
1474 3816 1553 3864 esse
1584 3789 1647 3862 illa

417 3916 592 4013 suffragia
616 3942 710 4015 quae
731 3915 917 3988 Thessalis
942 3915 1171 4014 supererant,
1192 3915 1326 3987 iterum
1345 3914 1391 3987 ad
1411 3914 1546 4013 Pythia
1565 3914 1645 3986 sine

416 4040 572 4113 transitu
596 4041 712 4112 currit
738 4065 950 4138 poenasque
972 4038 1103 4111 indicit
1128 4049 1256 4111 contra
1281 4065 1344 4111 eos
1369 4038 1433 4137 qui
1460 4038 1579 4137 legem
1600 4037 1645 4110 de

416 4164 867 4263 certaminibus-positam
893 4190 966 4235 non
998 4162 1291 4237 obseruauerint.
1324 4162 1405 4247 Qua
1434 4162 1542 4235 dere
1571 4188 1646 4234 non

416 4288 542 4362 omnia
556 4289 648 4361 mihi
667 4289 818 4387 quidem
834 4289 942 4387 plane
955 4288 1149 4388 perspicua
1162 4314 1242 4361 esse
1257 4288 1387 4377 fateor,
1403 4313 1488 4360 nam
1507 4285 1645 4359 πυλαία

417 4439 454 4484 u.
475 4414 497 4483 6
514 4412 584 4483 nisi
600 4412 645 4485 de
661 4423 848 4485 conuentu
864 4413 1212 4485 hieromnemonum
1228 4412 1393 4510 intellegi
1410 4438 1485 4484 non
1498 4420 1618 4511 potest
1634 4435 1644 4484 :
