<?xml version="1.0" encoding="UTF-8"?>
<!DOCTYPE html PUBLIC "-//W3C//DTD XHTML 1.0 Transitional//EN"
    "http://www.w3.org/TR/xhtml1/DTD/xhtml1-transitional.dtd">
<html xmlns="http://www.w3.org/1999/xhtml" xml:lang="en" lang="en">
 <head>
  <title>
</title>
<meta http-equiv="Content-Type" content="text/html;charset=utf-8" />
  <meta name='ocr-system' content='tesseract 3.04.00' />
  <meta name='ocr-capabilities' content='ocr_page ocr_carea ocr_par ocr_line ocrx_word'/>
</head>
<body>
  <div class='ocr_page' id='page_1' title='image "./derebusdelphici00bourgoog_0062.png"; bbox 0 0 3700 5684; ppageno 0'>
   <div class='ocr_carea' id='block_1_1' title="bbox 410 652 1314 722">
    <p class='ocr_par' dir='ltr' id='par_1_1' title="bbox 410 652 1314 722">
     <span class='ocr_line' id='line_1_1' title="bbox 410 652 1314 722; baseline -0.004 0"><span class='ocrx_word' id='word_1_1' title='bbox 410 652 457 722; x_wconf 79' lang='lat'>56</span> <span class='ocrx_word' id='word_1_2' title='bbox 731 675 775 718; x_wconf 81' lang='lat' dir='ltr'>nn</span> <span class='ocrx_word' id='word_1_3' title='bbox 802 674 1084 720; x_wconf 76' lang='lat' dir='ltr'>nnrnrcrrourn</span> <span class='ocrx_word' id='word_1_4' title='bbox 1112 672 1314 718; x_wconf 75' lang='lat' dir='ltr'>armannus</span> 
     </span>
    </p>
   </div>
   <div class='ocr_carea' id='block_1_2' title="bbox 408 824 1641 1296">
    <p class='ocr_par' dir='ltr' id='par_1_2' title="bbox 408 824 1641 1296">
     <span class='ocr_line' id='line_1_2' title="bbox 408 824 1638 926; baseline -0.002 -27"><span class='ocrx_word' id='word_1_5' title='bbox 408 827 509 926; x_wconf 93' lang='lat' dir='ltr'>quod</span> <span class='ocrx_word' id='word_1_6' title='bbox 534 839 606 898; x_wconf 87' lang='lat' dir='ltr'>tam</span> <span class='ocrx_word' id='word_1_7' title='bbox 636 825 730 897; x_wconf 94' lang='lat' dir='ltr'>bene</span> <span class='ocrx_word' id='word_1_8' title='bbox 755 836 789 897; x_wconf 92' lang='lat' dir='ltr'>et</span> <span class='ocrx_word' id='word_1_9' title='bbox 817 825 907 897; x_wconf 82' lang='lat' dir='ltr'>illud</span> <span class='ocrx_word' id='word_1_10' title='bbox 940 824 1146 925; x_wconf 79' lang='grc' dir='ltr'>κεχόρευται</span> <span class='ocrx_word' id='word_1_11' title='bbox 1178 824 1277 923; x_wconf 93' lang='lat' dir='ltr'>quod</span> <span class='ocrx_word' id='word_1_12' title='bbox 1309 824 1442 896; x_wconf 89' lang='lat' dir='ltr'>melius</span> <span class='ocrx_word' id='word_1_13' title='bbox 1476 851 1564 897; x_wconf 86' lang='lat' dir='ltr'>sane</span> <span class='ocrx_word' id='word_1_14' title='bbox 1591 825 1638 896; x_wconf 92' lang='lat' dir='ltr'>de</span> 
     </span>
     <span class='ocr_line' id='line_1_3' title="bbox 411 948 1639 1050; baseline -0.002 -26"><span class='ocrx_word' id='word_1_15' title='bbox 411 952 630 1050; x_wconf 82' lang='lat' dir='ltr'>agonotheta</span> <span class='ocrx_word' id='word_1_16' title='bbox 660 976 771 1048; x_wconf 90' lang='lat' dir='ltr'>quam</span> <span class='ocrx_word' id='word_1_17' title='bbox 807 949 851 1021; x_wconf 91' lang='lat' dir='ltr'>de</span> <span class='ocrx_word' id='word_1_18' title='bbox 881 949 1070 1022; x_wconf 82' lang='lat' dir='ltr'>sacerdote</span> <span class='ocrx_word' id='word_1_19' title='bbox 1101 948 1173 1020; x_wconf 91' lang='lat' dir='ltr'>dici</span> <span class='ocrx_word' id='word_1_20' title='bbox 1202 959 1358 1047; x_wconf 83' lang='lat' dir='ltr'>poterat,</span> <span class='ocrx_word' id='word_1_21' title='bbox 1387 949 1477 1047; x_wconf 93' lang='lat' dir='ltr'>quid</span> <span class='ocrx_word' id='word_1_22' title='bbox 1508 949 1553 1021; x_wconf 91' lang='lat' dir='ltr'>de</span> <span class='ocrx_word' id='word_1_23' title='bbox 1575 950 1639 1022; x_wconf 88' lang='lat' dir='ltr'>illa</span> 
     </span>
     <span class='ocr_line' id='line_1_4' title="bbox 409 1072 1638 1173; baseline -0.002 -26"><span class='ocrx_word' id='word_1_24' title='bbox 409 1075 607 1173; x_wconf 75' lang='grc' dir='ltr'>λῃτουργίαι</span> <span class='ocrx_word' id='word_1_25' title='bbox 627 1073 854 1146; x_wconf 90' lang='lat' dir='ltr'>censendum</span> <span class='ocrx_word' id='word_1_26' title='bbox 879 1084 934 1146; x_wconf 88' lang='lat' dir='ltr'>est</span> <span class='ocrx_word' id='word_1_27' title='bbox 957 1072 1029 1145; x_wconf 89' lang='lat' dir='ltr'>nisi</span> <span class='ocrx_word' id='word_1_28' title='bbox 1053 1073 1193 1171; x_wconf 81' lang='lat' dir='ltr'>aliquid</span> <span class='ocrx_word' id='word_1_29' title='bbox 1220 1082 1366 1172; x_wconf 90' lang='lat' dir='ltr'>praeter</span> <span class='ocrx_word' id='word_1_30' title='bbox 1391 1074 1638 1146; x_wconf 81' lang='lat' dir='ltr'>sacerdotium</span> 
     </span>
     <span class='ocr_line' id='line_1_5' title="bbox 411 1197 1641 1296; baseline -0.002 -25"><span class='ocrx_word' id='word_1_31' title='bbox 411 1199 626 1296; x_wconf 69' lang='lat' dir='ltr'>designari?</span> <span class='ocrx_word' id='word_1_32' title='bbox 645 1197 800 1270; x_wconf 82' lang='lat' dir='ltr'>Accedit</span> <span class='ocrx_word' id='word_1_33' title='bbox 819 1208 860 1270; x_wconf 89' lang='lat' dir='ltr'>ut</span> <span class='ocrx_word' id='word_1_34' title='bbox 877 1197 1095 1269; x_wconf 83' lang='lat' dir='ltr'>diuturnum</span> <span class='ocrx_word' id='word_1_35' title='bbox 1111 1224 1219 1269; x_wconf 90' lang='lat' dir='ltr'>suum</span> <span class='ocrx_word' id='word_1_36' title='bbox 1240 1223 1376 1269; x_wconf 91' lang='lat' dir='ltr'>munus</span> <span class='ocrx_word' id='word_1_37' title='bbox 1391 1224 1464 1269; x_wconf 91' lang='lat' dir='ltr'>non</span> <span class='ocrx_word' id='word_1_38' title='bbox 1480 1198 1641 1295; x_wconf 87' lang='lat' dir='ltr'>uulgari-</span> 
     </span>
    </p>
   </div>
   <div class='ocr_carea' id='block_1_3' title="bbox 407 1324 1648 2906">
    <p class='ocr_par' dir='ltr' id='par_1_3' title="bbox 412 1324 1643 1777">
     <span class='ocr_line' id='line_1_6' title="bbox 412 1324 1640 1429; baseline -0.002 -25"><span class='ocrx_word' id='word_1_39' title='bbox 412 1332 482 1404; x_wconf 90' lang='lat' dir='ltr'>bus</span> <span class='ocrx_word' id='word_1_40' title='bbox 497 1331 622 1404; x_wconf 89' lang='lat' dir='ltr'>uerbis</span> <span class='ocrx_word' id='word_1_41' title='bbox 636 1330 748 1402; x_wconf 84' lang='grc' dir='ltr'>πολὺν</span> <span class='ocrx_word' id='word_1_42' title='bbox 765 1329 891 1429; x_wconf 78' lang='grc' dir='ltr'>χρόνον</span> <span class='ocrx_word' id='word_1_43' title='bbox 907 1340 970 1402; x_wconf 90' lang='lat' dir='ltr'>aut</span> <span class='ocrx_word' id='word_1_44' title='bbox 982 1328 1102 1401; x_wconf 80' lang='grc' dir='ltr'>πολλὰ</span> <span class='ocrx_word' id='word_1_45' title='bbox 1121 1324 1181 1423; x_wconf 82' lang='grc' dir='ltr'>ἔτη</span> <span class='ocrx_word' id='word_1_46' title='bbox 1196 1330 1260 1402; x_wconf 90' lang='lat' dir='ltr'>sed</span> <span class='ocrx_word' id='word_1_47' title='bbox 1275 1341 1451 1429; x_wconf 90' lang='lat' dir='ltr'>tanquam</span> <span class='ocrx_word' id='word_1_48' title='bbox 1467 1331 1640 1402; x_wconf 81' lang='lat' dir='ltr'>sollemni</span> 
     </span>
     <span class='ocr_line' id='line_1_7' title="bbox 415 1445 1640 1553; baseline -0.002 -26"><span class='ocrx_word' id='word_1_49' title='bbox 415 1456 574 1529; x_wconf 84' lang='lat' dir='ltr'>formula</span> <span class='ocrx_word' id='word_1_50' title='bbox 590 1452 730 1537; x_wconf 82' lang='grc' dir='ltr'>πολλὰς</span> <span class='ocrx_word' id='word_1_51' title='bbox 749 1445 928 1537; x_wconf 73' lang='grc' dir='ltr'>Πυθιάδας</span> <span class='ocrx_word' id='word_1_52' title='bbox 948 1455 1143 1552; x_wconf 84' lang='lat' dir='ltr'>significet.</span> <span class='ocrx_word' id='word_1_53' title='bbox 1169 1453 1250 1538; x_wconf 90' lang='lat' dir='ltr'>Qua</span> <span class='ocrx_word' id='word_1_54' title='bbox 1276 1480 1364 1526; x_wconf 90' lang='lat' dir='ltr'>usus</span> <span class='ocrx_word' id='word_1_55' title='bbox 1381 1453 1488 1526; x_wconf 87' lang='lat' dir='ltr'>ludos</span> <span class='ocrx_word' id='word_1_56' title='bbox 1509 1466 1640 1553; x_wconf 86' lang='lat' dir='ltr'>quarto</span> 
     </span>
     <span class='ocr_line' id='line_1_8' title="bbox 414 1578 1643 1687; baseline -0.002 -36"><span class='ocrx_word' id='word_1_57' title='bbox 414 1606 563 1680; x_wconf 89' lang='lat' dir='ltr'>quoque</span> <span class='ocrx_word' id='word_1_58' title='bbox 593 1605 698 1687; x_wconf 80' lang='lat' dir='ltr'>¹anno</span> <span class='ocrx_word' id='word_1_59' title='bbox 740 1590 970 1650; x_wconf 85' lang='lat' dir='ltr'>recurrentes</span> <span class='ocrx_word' id='word_1_60' title='bbox 1001 1579 1038 1649; x_wconf 94' lang='lat' dir='ltr'>in</span> <span class='ocrx_word' id='word_1_61' title='bbox 1073 1578 1292 1650; x_wconf 84' lang='lat' dir='ltr'>memoriam</span> <span class='ocrx_word' id='word_1_62' title='bbox 1323 1578 1446 1650; x_wconf 87' lang='lat' dir='ltr'>statim</span> <span class='ocrx_word' id='word_1_63' title='bbox 1490 1590 1643 1651; x_wconf 87' lang='lat' dir='ltr'>reuocet</span> 
     </span>
     <span class='ocr_line' id='line_1_9' title="bbox 414 1715 645 1777; baseline -0.009 0"><span class='ocrx_word' id='word_1_64' title='bbox 414 1731 562 1777; x_wconf 89' lang='lat' dir='ltr'>necesse</span> <span class='ocrx_word' id='word_1_65' title='bbox 578 1715 645 1776; x_wconf 87' lang='lat' dir='ltr'>est.</span> 
     </span>
    </p>

    <p class='ocr_par' dir='ltr' id='par_1_4' title="bbox 407 1816 1648 2906">
     <span class='ocr_line' id='line_1_10' title="bbox 463 1816 1644 1926; baseline -0.003 -25"><span class='ocrx_word' id='word_1_66' title='bbox 463 1828 659 1901; x_wconf 90' lang='lat' dir='ltr'>Neminem</span> <span class='ocrx_word' id='word_1_67' title='bbox 681 1829 755 1901; x_wconf 86' lang='lat' dir='ltr'>iam</span> <span class='ocrx_word' id='word_1_68' title='bbox 773 1828 908 1926; x_wconf 85' lang='lat' dir='ltr'>fugerit</span> <span class='ocrx_word' id='word_1_69' title='bbox 927 1853 986 1899; x_wconf 90' lang='lat' dir='ltr'>me</span> <span class='ocrx_word' id='word_1_70' title='bbox 1008 1816 1206 1899; x_wconf 87' lang='lat' dir='ltr'>adductum</span> <span class='ocrx_word' id='word_1_71' title='bbox 1227 1836 1364 1898; x_wconf 89' lang='lat' dir='ltr'>esseut</span> <span class='ocrx_word' id='word_1_72' title='bbox 1392 1826 1540 1899; x_wconf 87' lang='lat' dir='ltr'>credam</span> <span class='ocrx_word' id='word_1_73' title='bbox 1567 1827 1644 1926; x_wconf 88' lang='lat' dir='ltr'>epi-</span> 
     </span>
     <span class='ocr_line' id='line_1_11' title="bbox 416 1951 1641 2050; baseline -0.002 -26"><span class='ocrx_word' id='word_1_74' title='bbox 416 1952 587 2025; x_wconf 88' lang='lat' dir='ltr'>meletam</span> <span class='ocrx_word' id='word_1_75' title='bbox 617 1953 713 2025; x_wconf 86' lang='lat' dir='ltr'>iusto</span> <span class='ocrx_word' id='word_1_76' title='bbox 740 1978 894 2024; x_wconf 90' lang='lat' dir='ltr'>munere</span> <span class='ocrx_word' id='word_1_77' title='bbox 918 1977 985 2050; x_wconf 92' lang='lat' dir='ltr'>per</span> <span class='ocrx_word' id='word_1_78' title='bbox 1012 1961 1186 2048; x_wconf 88' lang='lat' dir='ltr'>quattuor</span> <span class='ocrx_word' id='word_1_79' title='bbox 1208 1976 1325 2022; x_wconf 87' lang='lat' dir='ltr'>annos</span> <span class='ocrx_word' id='word_1_80' title='bbox 1351 1977 1430 2022; x_wconf 88' lang='lat' dir='ltr'>esse</span> <span class='ocrx_word' id='word_1_81' title='bbox 1459 1951 1641 2039; x_wconf 84' lang='lat' dir='ltr'>functum,</span> 
     </span>
     <span class='ocr_line' id='line_1_12' title="bbox 417 2073 1643 2176; baseline -0.002 -28"><span class='ocrx_word' id='word_1_82' title='bbox 417 2102 576 2174; x_wconf 86' lang='lat' dir='ltr'>quorum</span> <span class='ocrx_word' id='word_1_83' title='bbox 593 2075 714 2175; x_wconf 92' lang='lat' dir='ltr'>primo</span> <span class='ocrx_word' id='word_1_84' title='bbox 725 2075 1007 2176; x_wconf 88' lang='lat' dir='ltr'>insupereidem</span> <span class='ocrx_word' id='word_1_85' title='bbox 1024 2075 1167 2146; x_wconf 91' lang='lat' dir='ltr'>homini</span> <span class='ocrx_word' id='word_1_86' title='bbox 1182 2073 1643 2172; x_wconf 83' lang='lat' dir='ltr'>Pythiorumedendorum</span> 
     </span>
     <span class='ocr_line' id='line_1_13' title="bbox 417 2197 1643 2298; baseline -0.002 -25"><span class='ocrx_word' id='word_1_87' title='bbox 417 2226 505 2274; x_wconf 89' lang='lat' dir='ltr'>eura</span> <span class='ocrx_word' id='word_1_88' title='bbox 530 2199 702 2298; x_wconf 85' lang='lat' dir='ltr'>imposita</span> <span class='ocrx_word' id='word_1_89' title='bbox 736 2209 826 2284; x_wconf 75' lang='lat' dir='ltr'>erat,</span> <span class='ocrx_word' id='word_1_90' title='bbox 859 2209 896 2271; x_wconf 96' lang='lat' dir='ltr'>et</span> <span class='ocrx_word' id='word_1_91' title='bbox 924 2208 1112 2297; x_wconf 84' lang='lat' dir='ltr'>praeterea</span> <span class='ocrx_word' id='word_1_92' title='bbox 1148 2197 1346 2271; x_wconf 88' lang='lat' dir='ltr'>nonnullos</span> <span class='ocrx_word' id='word_1_93' title='bbox 1379 2210 1420 2271; x_wconf 92' lang='lat' dir='ltr'>ut</span> <span class='ocrx_word' id='word_1_94' title='bbox 1449 2199 1643 2271; x_wconf 87' lang='lat' dir='ltr'>Petraeum</span> 
     </span>
     <span class='ocr_line' id='line_1_14' title="bbox 422 2322 1641 2423; baseline -0.002 -27"><span class='ocrx_word' id='word_1_95' title='bbox 422 2325 732 2423; x_wconf 88' lang='lat' dir='ltr'>Plutarchumque</span> <span class='ocrx_word' id='word_1_96' title='bbox 751 2350 886 2395; x_wconf 88' lang='lat' dir='ltr'>munus</span> <span class='ocrx_word' id='word_1_97' title='bbox 908 2324 1042 2395; x_wconf 86' lang='lat' dir='ltr'>iterum</span> <span class='ocrx_word' id='word_1_98' title='bbox 1061 2334 1168 2421; x_wconf 91' lang='lat' dir='ltr'>atque</span> <span class='ocrx_word' id='word_1_99' title='bbox 1198 2322 1332 2394; x_wconf 89' lang='lat' dir='ltr'>iterum</span> <span class='ocrx_word' id='word_1_100' title='bbox 1352 2323 1641 2395; x_wconf 87' lang='lat' dir='ltr'>continuauisse.</span> 
     </span>
     <span class='ocr_line' id='line_1_15' title="bbox 420 2446 1646 2546; baseline -0.003 -24"><span class='ocrx_word' id='word_1_101' title='bbox 420 2447 493 2522; x_wconf 89' lang='lat' dir='ltr'>Sed</span> <span class='ocrx_word' id='word_1_102' title='bbox 506 2459 546 2520; x_wconf 89' lang='lat' dir='ltr'>ut</span> <span class='ocrx_word' id='word_1_103' title='bbox 556 2448 646 2521; x_wconf 88' lang='lat' dir='ltr'>haee</span> <span class='ocrx_word' id='word_1_104' title='bbox 659 2447 876 2520; x_wconf 86' lang='lat' dir='ltr'>uerisimilia</span> <span class='ocrx_word' id='word_1_105' title='bbox 894 2447 985 2519; x_wconf 92' lang='lat' dir='ltr'>mihi</span> <span class='ocrx_word' id='word_1_106' title='bbox 1001 2446 1152 2545; x_wconf 91' lang='lat' dir='ltr'>quidem</span> <span class='ocrx_word' id='word_1_107' title='bbox 1165 2446 1338 2519; x_wconf 85' lang='lat' dir='ltr'>uidentur</span> <span class='ocrx_word' id='word_1_108' title='bbox 1352 2473 1445 2535; x_wconf 88' lang='lat' dir='ltr'>esse,</span> <span class='ocrx_word' id='word_1_109' title='bbox 1458 2447 1509 2520; x_wconf 89' lang='lat' dir='ltr'>ita</span> <span class='ocrx_word' id='word_1_110' title='bbox 1521 2446 1646 2546; x_wconf 89' lang='lat' dir='ltr'>siquis</span> 
     </span>
     <span class='ocr_line' id='line_1_16' title="bbox 420 2571 1647 2670; baseline -0.002 -25"><span class='ocrx_word' id='word_1_111' title='bbox 420 2572 466 2645; x_wconf 90' lang='lat' dir='ltr'>ab</span> <span class='ocrx_word' id='word_1_112' title='bbox 503 2599 653 2645; x_wconf 87' lang='lat' dir='ltr'>assensn</span> <span class='ocrx_word' id='word_1_113' title='bbox 686 2598 723 2645; x_wconf 88' lang='lat' dir='ltr'>se</span> <span class='ocrx_word' id='word_1_114' title='bbox 755 2573 934 2645; x_wconf 87' lang='lat' dir='ltr'>sustineat</span> <span class='ocrx_word' id='word_1_115' title='bbox 961 2597 1160 2670; x_wconf 85' lang='lat' dir='ltr'>coarguere</span> <span class='ocrx_word' id='word_1_116' title='bbox 1194 2597 1350 2668; x_wconf 88' lang='lat' dir='ltr'>nequeo.</span> <span class='ocrx_word' id='word_1_117' title='bbox 1366 2571 1541 2644; x_wconf 89' lang='lat' dir='ltr'>Ceterum</span> <span class='ocrx_word' id='word_1_118' title='bbox 1559 2572 1647 2644; x_wconf 86' lang='lat' dir='ltr'>satis</span> 
     </span>
     <span class='ocr_line' id='line_1_17' title="bbox 420 2694 1648 2798; baseline -0.002 -28"><span class='ocrx_word' id='word_1_119' title='bbox 420 2697 511 2770; x_wconf 87' lang='lat' dir='ltr'>certi</span> <span class='ocrx_word' id='word_1_120' title='bbox 528 2708 695 2798; x_wconf 90' lang='lat' dir='ltr'>superest</span> <span class='ocrx_word' id='word_1_121' title='bbox 711 2707 752 2769; x_wconf 93' lang='lat' dir='ltr'>ut</span> <span class='ocrx_word' id='word_1_122' title='bbox 766 2723 866 2769; x_wconf 90' lang='lat' dir='ltr'>nunc</span> <span class='ocrx_word' id='word_1_123' title='bbox 885 2696 975 2795; x_wconf 92' lang='lat' dir='ltr'>quid</span> <span class='ocrx_word' id='word_1_124' title='bbox 997 2694 1154 2767; x_wconf 88' lang='lat' dir='ltr'>ualuerit</span> <span class='ocrx_word' id='word_1_125' title='bbox 1170 2695 1488 2795; x_wconf 84' lang='lat' dir='ltr'>Amphictyonum</span> <span class='ocrx_word' id='word_1_126' title='bbox 1511 2697 1648 2794; x_wconf 91' lang='lat' dir='ltr'>epime-</span> 
     </span>
     <span class='ocr_line' id='line_1_18' title="bbox 407 2822 926 2906; baseline -0.002 -13"><span class='ocrx_word' id='word_1_127' title='bbox 407 2822 494 2906; x_wconf 43' lang='lat' dir='ltr'>‚leta</span> <span class='ocrx_word' id='word_1_128' title='bbox 509 2823 641 2894; x_wconf 90' lang='lat' dir='ltr'>melius</span> <span class='ocrx_word' id='word_1_129' title='bbox 660 2822 926 2894; x_wconf 88' lang='lat' dir='ltr'>discernamus.</span> 
     </span>
    </p>
   </div>
   <div class='ocr_carea' id='block_1_4' title="bbox 426 3317 1651 3542">
    <p class='ocr_par' dir='ltr' id='par_1_5' title="bbox 426 3317 1651 3542">
     <span class='ocr_line' id='line_1_19' title="bbox 474 3317 1651 3416; baseline -0.002 -26"><span class='ocrx_word' id='word_1_130' title='bbox 474 3319 530 3390; x_wconf 91' lang='lat' dir='ltr'>En</span> <span class='ocrx_word' id='word_1_131' title='bbox 550 3318 663 3391; x_wconf 89' lang='lat' dir='ltr'>habes</span> <span class='ocrx_word' id='word_1_132' title='bbox 684 3319 722 3390; x_wconf 89' lang='lat' dir='ltr'>in</span> <span class='ocrx_word' id='word_1_133' title='bbox 743 3318 1004 3391; x_wconf 88' lang='lat' dir='ltr'>breuissimum</span> <span class='ocrx_word' id='word_1_134' title='bbox 1030 3317 1175 3391; x_wconf 85' lang='lat' dir='ltr'>redacta</span> <span class='ocrx_word' id='word_1_135' title='bbox 1201 3317 1325 3390; x_wconf 91' lang='lat' dir='ltr'>omnia</span> <span class='ocrx_word' id='word_1_136' title='bbox 1351 3344 1445 3416; x_wconf 90' lang='lat' dir='ltr'>quae</span> <span class='ocrx_word' id='word_1_137' title='bbox 1472 3318 1651 3389; x_wconf 88' lang='lat' dir='ltr'>hactenus</span> 
     </span>
     <span class='ocr_line' id='line_1_20' title="bbox 426 3443 742 3542; baseline 0 -28"><span class='ocrx_word' id='word_1_138' title='bbox 426 3443 609 3542; x_wconf 86' lang='lat' dir='ltr'>disputata</span> <span class='ocrx_word' id='word_1_139' title='bbox 628 3453 714 3514; x_wconf 86' lang='lat' dir='ltr'>sunt</span> <span class='ocrx_word' id='word_1_140' title='bbox 734 3467 742 3514; x_wconf 75' lang='grc' dir='ltr'><em>τ</em></span> 
     </span>
    </p>
   </div>
   <div class='ocr_carea' id='block_1_5' title="bbox 932 3690 1153 3738">
    <p class='ocr_par' dir='ltr' id='par_1_6' title="bbox 932 3690 1153 3738">
     <span class='ocr_line' id='line_1_21' title="bbox 932 3690 1153 3738; baseline -0.009 -1"><span class='ocrx_word' id='word_1_141' title='bbox 932 3690 1153 3738; x_wconf 81' lang='lat' dir='ltr'>SACERDOTES</span> 
     </span>
    </p>
   </div>
   <div class='ocr_carea' id='block_1_6' title="bbox 459 3872 1483 4071">
    <p class='ocr_par' dir='ltr' id='par_1_7' title="bbox 459 3872 1483 4071">
     <span class='ocr_line' id='line_1_22' title="bbox 459 3872 1395 3959; baseline -0.001 -21"><span class='ocrx_word' id='word_1_142' title='bbox 459 3896 509 3938; x_wconf 88' lang='lat' dir='ltr'>ca.</span> <span class='ocrx_word' id='word_1_143' title='bbox 529 3872 571 3936; x_wconf 84' lang='lat'>50</span> <span class='ocrx_word' id='word_1_144' title='bbox 606 3872 789 3959; x_wconf 82' lang='grc' dir='ltr'>[Μελισσίων</span> <span class='ocrx_word' id='word_1_145' title='bbox 805 3872 955 3958; x_wconf 64' lang='grc' dir='ltr'>Λαιάδιιῖ]</span> <span class='ocrx_word' id='word_1_146' title='bbox 972 3910 1016 3919; x_wconf 91' lang='grc'>-</span> <span class='ocrx_word' id='word_1_147' title='bbox 1033 3875 1074 3937; x_wconf 86' lang='grc' dir='ltr'>Π.</span> <span class='ocrx_word' id='word_1_148' title='bbox 1093 3873 1234 3953; x_wconf 85' lang='grc' dir='ltr'>Μέμμιος</span> <span class='ocrx_word' id='word_1_149' title='bbox 1252 3872 1395 3957; x_wconf 80' lang='grc' dir='ltr'>Σώτηρος</span> 
     </span>
     <span class='ocr_line' id='line_1_23' title="bbox 643 3985 1483 4071; baseline 0 -19"><span class='ocrx_word' id='word_1_150' title='bbox 643 3989 679 4055; x_wconf 79' lang='grc' dir='ltr'>Γ,</span> <span class='ocrx_word' id='word_1_151' title='bbox 703 3989 843 4071; x_wconf 85' lang='grc' dir='ltr'>Μέμμιος</span> <span class='ocrx_word' id='word_1_152' title='bbox 861 3990 1037 4070; x_wconf 71' lang='grc' dir='ltr'>Εὑθύόαμος</span> <span class='ocrx_word' id='word_1_153' title='bbox 1061 4024 1095 4035; x_wconf 91' lang='grc'><strong>-</strong></span> <span class='ocrx_word' id='word_1_154' title='bbox 1118 3988 1286 4064; x_wconf 72' lang='grc' dir='ltr'>Εὐκλείδας</span> <span class='ocrx_word' id='word_1_155' title='bbox 1307 3985 1483 4066; x_wconf 80' lang='grc' dir='ltr'>Ἀστοξένου</span> 
     </span>
    </p>
   </div>
   <div class='ocr_carea' id='block_1_7' title="bbox 452 4080 1480 4188">
    <p class='ocr_par' dir='ltr' id='par_1_8' title="bbox 452 4080 1480 4188">
     <span class='ocr_line' id='line_1_24' title="bbox 452 4080 1480 4188; baseline -0.001 -19"><span class='ocrx_word' id='word_1_156' title='bbox 452 4103 580 4169; x_wconf 76' lang='lat'>85-120</span> <span class='ocrx_word' id='word_1_157' title='bbox 642 4080 678 4169; x_wconf 78' lang='grc' dir='ltr'>Γ.</span> <span class='ocrx_word' id='word_1_158' title='bbox 701 4105 841 4186; x_wconf 82' lang='grc' dir='ltr'>Μέμμιος</span> <span class='ocrx_word' id='word_1_159' title='bbox 859 4105 1035 4185; x_wconf 73' lang='grc' dir='ltr'>Εὑθύδοιμος</span> <span class='ocrx_word' id='word_1_160' title='bbox 1049 4140 1093 4149; x_wconf 92' lang='grc'>-</span> <span class='ocrx_word' id='word_1_161' title='bbox 1111 4103 1259 4188; x_wconf 79' lang='grc' dir='ltr'>Μέστριος</span> <span class='ocrx_word' id='word_1_162' title='bbox 1280 4103 1480 4188; x_wconf 78' lang='grc' dir='ltr'>Πλούταρχος</span> 
     </span>
    </p>
   </div>
   <div class='ocr_carea' id='block_1_8' title="bbox 753 4221 1536 4419">
    <p class='ocr_par' dir='ltr' id='par_1_9' title="bbox 753 4221 1536 4419">
     <span class='ocr_line' id='line_1_25' title="bbox 753 4221 1287 4306; baseline 0.007 -23"><span class='ocrx_word' id='word_1_163' title='bbox 753 4221 953 4306; x_wconf 76' lang='grc' dir='ltr'>Πλούταρχος</span> <span class='ocrx_word' id='word_1_164' title='bbox 1242 4256 1287 4264; x_wconf 89' lang='lat'>-</span> 
     </span>
     <span class='ocr_line' id='line_1_26' title="bbox 836 4334 1536 4419; baseline 0.003 -23"><span class='ocrx_word' id='word_1_165' title='bbox 836 4371 879 4380; x_wconf 94' lang='lat'><strong>—</strong></span> <span class='ocrx_word' id='word_1_166' title='bbox 1057 4370 1096 4380; x_wconf 95' lang='lat'><em>-</em></span> <span class='ocrx_word' id='word_1_167' title='bbox 1117 4335 1158 4398; x_wconf 83' lang='lat' dir='ltr'>A.</span> <span class='ocrx_word' id='word_1_168' title='bbox 1183 4334 1309 4412; x_wconf 75' lang='grc' dir='ltr'>Γέλλιος</span> <span class='ocrx_word' id='word_1_169' title='bbox 1328 4334 1503 4419; x_wconf 76' lang='grc' dir='ltr'>Ξεναγοριις</span> <span class='ocrx_word' id='word_1_170' title='bbox 1523 4334 1536 4398; x_wconf 85' lang='grc' dir='ltr'>Ι</span> 
     </span>
    </p>
   </div>
   <div class='ocr_carea' id='block_1_9' title="bbox 432 4333 1362 4536">
    <p class='ocr_par' dir='ltr' id='par_1_10' title="bbox 432 4333 1362 4536">
     <span class='ocr_line' id='line_1_27' title="bbox 432 4333 1362 4536; baseline 0.087 -43"><span class='ocrx_word' id='word_1_171' title='bbox 432 4391 576 4457; x_wconf 49' lang='lat'><strong>120&#39;130</strong></span> <span class='ocrx_word' id='word_1_172' title='bbox 602 4333 612 4519; x_wconf 79' lang='lat' dir='ltr'>i</span> <span class='ocrx_word' id='word_1_173' title='bbox 637 4451 678 4515; x_wconf 80' lang='grc' dir='ltr'>Α.</span> <span class='ocrx_word' id='word_1_174' title='bbox 695 4451 822 4527; x_wconf 80' lang='grc' dir='ltr'>Γέλλιος</span> <span class='ocrx_word' id='word_1_175' title='bbox 839 4449 1011 4536; x_wconf 45' lang='lat' dir='ltr'>Eua-dtu</span> <span class='ocrx_word' id='word_1_176' title='bbox 1028 4451 1098 4513; x_wconf 68' lang='grc' dir='ltr'>Ι-</span> <span class='ocrx_word' id='word_1_177' title='bbox 1322 4484 1362 4497; x_wconf 48' lang='grc'>.-</span> 
     </span>
    </p>
   </div>
   <div class='ocr_carea' id='block_1_10' title="bbox 0 0 1890 5684">
    <p class='ocr_par' dir='ltr' id='par_1_11' title="bbox 0 0 1890 5684">
     <span class='ocr_line' id='line_1_28' title="bbox 0 0 1890 5684; baseline 0 0"><span class='ocrx_word' id='word_1_178' title='bbox 0 0 1890 5684; x_wconf 95' lang='lat' dir='ltr'> </span> 
     </span>
    </p>
   </div>
  </div>
 </body>
</html>
