3700 5684
420 698 466 767 86
769 720 812 766 oe
840 719 1094 766 mannarom'n
1121 717 1298 766 nrrsrvns

419 872 603 972 supplem,
637 873 813 971 Pylaeam
845 871 985 944 recenti
1016 872 1135 943 nitore
1166 870 1420 970 splendentem
1445 898 1464 943 a
1491 872 1647 971 Delphis

419 996 560 1069 laudari
580 998 709 1095 liquet,
727 1022 795 1068 nec
815 996 933 1095 plura.
952 995 1009 1068 De
1025 995 1098 1068 illis
1113 1022 1260 1093 quoqne
1280 1022 1374 1093 quae
1390 995 1436 1068 ab
1458 995 1647 1069 Hadriano

419 1132 590 1220 poscunt,
612 1120 698 1235 inde
725 1146 746 1192 a
766 1148 802 1193 u.
826 1120 871 1190 22
892 1146 1009 1218 usque
1034 1119 1079 1191 ad
1104 1120 1215 1192 finem
1236 1119 1324 1219 quid
1351 1119 1536 1193 noluerint
1555 1119 1646 1193 mihi

419 1253 570 1353 quidem
600 1281 675 1326 non
714 1265 891 1353 apparet;
920 1252 992 1325 nisi
1028 1254 1121 1325 sorte
1154 1251 1227 1324 illis
1261 1244 1436 1349 Ἕλλησιν
1460 1250 1647 1353 πρέσβεσιν

421 1387 600 1461 Hadriani
634 1386 747 1459 nerba
787 1387 893 1485 qnasi
926 1385 1152 1486 respondent
1186 1382 1420 1485 πρεσβευτήν,
1447 1383 1644 1485 πρεσβεῖαι,

420 1520 484 1593 sed
504 1521 580 1592 illic
595 1519 640 1592 de
660 1547 734 1592 uno
752 1519 871 1618 legato
887 1518 1075 1618 agebatur.
1096 1519 1143 1592 V.
1169 1520 1216 1590 23
1233 1518 1319 1591 θεῶν
1338 1509 1458 1602 παῖδες
1477 1519 1646 1619 suppleni

420 1654 506 1753 quia
529 1652 739 1726 Hadrianus
758 1653 831 1725 iam
857 1664 896 1725 ut
918 1653 1020 1725 Deus
1042 1654 1236 1725 innonatur
1250 1663 1285 1724 et
1304 1653 1406 1725 Deus
1420 1654 1566 1753 τροφεύς
1587 1654 1647 1727 hic

421 1779 517 1851 sicnt
551 1777 711 1877 Megaris
733 1779 757 1850 ¹.
794 1775 944 1849 Vltimis
982 1802 1071 1849 nero
1123 1776 1232 1848 huius
1271 1776 1449 1875 epistulae
1492 1777 1648 1851 uocibus

422 1911 592 2012 ὥρθωκας
605 1909 670 2006 τὴν
698 1908 801 1983 πόλιν
816 1911 1055 2009 imperatoria
1069 1908 1248 1983 beneficia
1268 1910 1317 1982 ita
1330 1910 1462 1984 callide
1480 1911 1647 1985 reuocari

422 2036 593 2108 existimo
616 2047 654 2107 ut
672 2036 796 2108 animo
811 2035 967 2133 legentis
987 2035 1110 2134 potius
1124 2045 1245 2132 grates
1264 2035 1452 2132 agentium
1468 2036 1647 2108 memoria

422 2159 630 2232 inhaereret
651 2186 761 2258 qnam
785 2159 987 2258 petentium
1009 2159 1207 2231 insatietas.

472 2283 681 2356 Adulantur
697 2283 848 2383 quidem
870 2284 1006 2382 Delphi
1026 2283 1088 2354 illa
1107 2309 1218 2380 qnam
1243 2282 1367 2356 nidisti
1382 2283 1562 2382 epistula3
1584 2283 1648 2357 sed
1704 2283 1708 2288 ’

422 2408 554 2480 sicam
577 2433 662 2480 cnm
688 2408 801 2480 altera
823 2433 935 2506 qnam
955 2406 1078 2480 statim
1101 2406 1254 2480 habebis
1280 2409 1565 2507 comparaueriS‚
1587 2408 1649 2481 illa

423 2533 584 2630 ingenuo
603 2532 684 2604 niro
699 2530 815 2630 digna
831 2531 897 2604 tibi
915 2531 1102 2604 uidebitur
1117 2557 1209 2618 esse,
1228 2532 1318 2604 haec
1340 2544 1463 2605 autern
1479 2531 1651 2623 illiberali

427 2656 607 2755 obsequio
624 2656 793 2755 insignis.
816 2658 861 2728 Et
879 2667 1075 2756 propterea
1099 2681 1246 2754 quoqne
1271 2656 1357 2730 huic
1374 2659 1387 2702 ‘²
1407 2657 1649 2755 posteriorem

424 2783 548 2854 locum
581 2781 810 2853 uindicarem
842 2781 987 2853 etiarnsi
1024 2780 1167 2853 deesset
1199 2779 1341 2852 firmius
1375 2793 1646 2879 argumentum.

424 2907 552 3003 Itaque
572 2914 701 2977 nentra
726 2905 924 2977 Plutarcho
945 2905 1103 2978 adscribi
1123 2915 1256 3004 potest,
1278 2906 1384 2978 cuins
1400 2905 1437 2977 in
1458 2905 1648 3004 ingenium

424 3030 585 3129 priorem
605 3040 703 3103 certe
723 3028 903 3128 quadrare
932 3028 1090 3102 libenter
1112 3028 1315 3115 crederem,
1339 3029 1410 3103 nisi
1438 3030 1650 3103 coniectura

424 3180 469 3225 ex
483 3155 511 3224 F
514 3154 539 3227 l.
560 3154 791 3226 Aristotimi³
807 3154 959 3225 nomine
975 3165 1059 3226 nata
1067 3180 1126 3225 me
1137 3180 1157 3226 a
1168 3180 1257 3225 uero
1273 3180 1347 3226 non
1363 3154 1555 3227 recessisse
1569 3180 1650 3253 per·

425 3303 573 3350 suasum
591 3277 778 3350 haberem.

466 3582 489 3635 l.
509 3580 550 3634 IG
566 3579 618 3632 Vll
632 3581 723 3634 70-72.
741 3580 785 3634 Cf.
799 3579 878 3633 idem
894 3580 1017 3634 uerbum
1038 3580 1115 3651 qnod
1133 3582 1163 3635 in
1183 3581 1237 3634 hac
1253 3581 1379 3654 epistula
1394 3582 1504 3654 legitur
1521 3582 1551 3635 in
1567 3582 1651 3636 titulo

427 3670 563 3741 delphico
589 3669 879 3724 Wescher-Foucarl
895 3669 947 3722 468
964 3685 970 3724 :
991 3666 1169 3741 Αὐτοκράτορι
1189 3671 1319 3742 Ἀδριανῷ
1382 3671 1553 3742 θρέψαντιτὴν
1564 3674 1652 3724 ἑαυτοῦ

430 3758 559 3813 Ἑλλάδα.

464 3850 489 3902 2.
511 3848 576 3904 NN.
590 3850 652 3913 516,
665 3849 744 3912 3267,
760 3848 821 3900 532.

464 3938 488 3993 3.
512 3937 553 3991 Dc
566 3936 669 3991 eodem
685 3937 857 3990 Aristotimo
873 3936 992 3990 bulenta
1006 3943 1035 3991 et
1048 3937 1201 3991 sacerdote
1214 3938 1247 3991 cl.
1266 3955 1353 4008 snpra
1364 3956 1413 4010 pp.
1428 3941 1460 3990 Π
1473 3943 1502 3991 ct
1517 3939 1560 3991 at.
