3700 5684
397 517 445 587 38
851 539 896 585 nn
923 538 1168 587 ancnourmvs

395 700 577 775 laudatur.
603 700 745 799 Nempe
767 699 960 778 Bacchius.
982 726 1003 773 a
1023 699 1118 773 Gaio
1135 698 1329 798 adoptatus
1351 688 1442 797 (καθ’
1466 698 1624 773 ὑοθεσίαν

397 852 433 898 u.
456 827 471 897 l
495 851 563 924 per
590 824 853 923 compendium
878 824 1057 923 scriptum
1080 823 1174 916 luit),
1190 823 1333 922 primus
1352 823 1403 897 M.
1428 822 1621 898 Aurelium

395 949 522 1022 docuit
535 948 599 1048 qui
615 947 846 1046 gratissimus
858 947 1063 1048 discipulus
1082 947 1116 1020 ei
1131 959 1253 1045 grates
1267 947 1342 1049 egit
1356 948 1402 1045 (l,
1418 947 1493 1045 26).
1508 946 1624 1021 Gaius

395 1094 493 1146 uero·
513 1072 815 1172 praeclarus'ille
853 1083 909 1144 est
938 1070 1146 1171 platonicus
1173 1097 1284 1171 quem
1318 1095 1430 1173 supra
1469 1070 1547 1143 dixi
1581 1095 1624 1143 ac

396 1196 566 1269 diuersus
592 1220 623 1269 a
639 1196 808 1268 Xenonis
833 1195 1026 1269 cuiusdam
1060 1195 1136 1269 filio
1164 1196 1228 1295 qui
1257 1195 1447 1293 sexaginta
1475 1194 1625 1267 circiter

394 1321 501 1394 annis
533 1331 640 1394 antea
675 1321 879 1393 honoratus
916 1331 970 1424 est
988 1322 1012 1392 ¹.
1047 1322 1093 1393 Et
1125 1320 1274 1394 bacchii
1311 1331 1417 1419 pater
1444 1320 1622 1418 Tryphon

395 1457 546 1545 propter
562 1445 739 1543 temporis
758 1444 995 1518 interuallum
1012 1471 1084 1517 non
1106 1444 1205 1517 idem
1221 1455 1276 1517 est
1290 1470 1333 1517 ac
1351 1443 1490 1517 stoicus
1508 1443 1625 1542 plato-

396 1569 575 1668 nicusque
599 1595 620 1641 a
643 1568 852 1668 Porphyrio
871 1568 1078 1641 celebratus
1095 1571 1122 1641 ‘·’.

423 1695 606 1783 ¹Zosim0‚
638 1693 839 1792 Charopini
865 1693 907 1782 f.‚
936 1692 1094 1766 alterum
1127 1719 1262 1766 nomen
1292 1704 1382 1779 erat,
1416 1691 1624 1793 praeposita

395 1832 447 1922 τῷ
466 1827 526 1899 καὶ
544 1827 704 1899 formula
735 1837 776 1898 ut
796 1826 955 1915 solebat,
985 1826 1085 1927 quod
1114 1817 1329 1926 Eulalilpp]
1371 1825 1484 1899 fuisse
1524 1826 1622 1923 (nam

397 1950 552 2050 uestigia
569 1952 712 2027 litterae
733 1952 749 2022 l
769 1976 828 2022 me
852 1950 988 2023 uidisse
1004 1952 1108 2050 puto)
1121 1949 1334 2025 dubitanter
1353 1964 1535 2051 propono.
1552 1950 1624 2023 Sed

399 2075 492 2147 nihil
516 2085 657 2147 certum
684 2074 729 2147 de
759 2100 803 2146 eo
827 2085 890 2146 aut
918 2073 1133 2163 denoteris,
1165 2075 1392 2149 Atheniense
1422 2074 1562 2148 scilicet
1589 2084 1624 2146 et

397 2199 591 2287 Mallota'³‚
622 2201 810 2298 comperi3
843 2198 1022 2272 Claudius
1056 2199 1154 2272 enim
1183 2199 1413 2273 Nicostratus
1441 2199 1520 2271 fieri
1549 2224 1623 2270 non

396 2332 518 2421 potest
535 2333 575 2394 ut
599 2321 698 2395 idem
717 2323 829 2396 fuerit
850 2324 914 2423 qui
937 2322 1096 2397 Anthol.
1119 2324 1173 2396 xl
1193 2324 1264 2399 354
1286 2323 1512 2396 nominatur.

447 2552 630 2638 Quattuor
666 2554 819 2653 insuper
851 2565 978 2627 extant
1002 2554 1221 2629 archontum
1256 2554 1408 2627 nomina
1445 2580 1539 2653 quos
1578 2553 1625 2626 ad

397 2680 549 2751 alteram
573 2689 715 2776 partem
741 2679 890 2751 alterius
918 2679 1056 2751 saeculi
1084 2680 1261 2777 reseram;
1290 2677 1354 2750 sed
1383 2677 1413 2750 si
1441 2704 1537 2751 unus
1563 2690 1627 2751 aut

397 2802 489 2875 alter
511 2829 626 2901 nsque
647 2802 683 2875 in
705 2805 845 2902 primos
868 2803 965 2875 tertii
990 2829 1106 2877 annos
1125 2803 1340 2877 demittetur
1358 2804 1417 2874 uel
1437 2813 1565 2875 contra
1585 2801 1624 2874 in

397 2927 544 2999 Traiani
562 2927 790 3000 Hadrianiue
809 2927 1058 3026 principatum
1076 2938 1174 3001 retro
1193 2927 1403 3015 reducetur,
1423 2953 1496 2999 non
1522 2926 1627 3024 eqni-

397 3050 482 3123 dem
530 3051 763 3151 repugnabo,
807 3052 945 3123 nedum
984 3052 1163 3151 cuiusque
1203 3077 1342 3125 annum
1379 3050 1626 3124 determinare

398 3174 566 3249 audeam.

446 3298 528 3371 Tib.
557 3310 680 3372 tamen
717 3299 854 3372 lulium
888 3299 1065 3373 Assidum
1099 3312 1136 3373 et
1165 3300 1360 3373 Aurelium
1386 3300 1625 3398 Cleopatram

397 3422 484 3496 satis
503 3424 659 3496 fidenter
673 3423 796 3496 tribuo
812 3425 1042 3525 temporibus
1062 3425 1352 3498 Antoninorum.

433 3701 459 3754 l.
480 3700 525 3754 Cf.
540 3699 691 3755 decretum
709 3719 736 3772 p.
753 3702 787 3755 29
803 3700 998 3773 descriptum.

432 3791 457 3843 2.
484 3789 562 3843 Vitae
576 3788 653 3843 Plot.
669 3788 746 3845 XVl.

433 3879 460 3933 3.
480 3877 617 3950 Μαλλώτῃ
639 3878 668 3930 in
689 3879 784 3949 spatio
807 3878 884 3932 inter
907 3897 935 3934 u.
959 3880 974 3932 3
994 3885 1024 3935 et
1048 3881 1141 3933 lnon
1163 3879 1299 3951 expedite
1328 3878 1445 3950 legitur,
1471 3879 1629 3954 dispicitur

398 3973 505 4021 tamen.
525 3966 663 4021 Fortasse
681 3967 833 4038 putaueris
848 3968 931 4021 illum
949 3968 1155 4022 Cornelianum
1170 3985 1238 4023 esse
1257 3969 1303 4022 cui
1320 3968 1503 4038 Phrynichus
1519 3968 1627 4021 librum

396 4055 544 4110 dedicauit
564 4071 570 4109 :
588 4056 626 4111 cl.
643 4057 821 4127 Prosopoqr.
839 4055 849 4109 l
874 4074 903 4129 p.
927 4057 990 4110 438.
1008 4057 1086 4112 Bene
1101 4059 1181 4112 enim
1197 4063 1313 4129 tempus
1330 4058 1469 4110 conuenit
1492 4055 1627 4130 quando·

397 4143 515 4215 quidem
535 4145 610 4197 hunc
628 4144 665 4197 ab
680 4144 816 4216 epistulis
834 4144 871 4199 hl.
893 4146 1004 4199 Aurelii
1019 4151 1049 4199 et
1066 4145 1219 4200 Commodi
1236 4145 1327 4200 luisse
1341 4152 1467 4200 constat.
1479 4144 1537 4199 Sed
1551 4145 1576 4197 si
1590 4161 1624 4198 ea

398 4233 558 4304 acceperis,
577 4250 635 4286 non
657 4239 738 4287 certe
766 4232 993 4287 confundendus
1017 4235 1073 4288 erit
1096 4235 1143 4289 bic
1166 4252 1232 4289 cum
1254 4235 1453 4306 hletrophanis
1473 4233 1626 4306 sophistae

397 4327 480 4393 patre
494 4337 581 4392 quem
597 4320 730 4375 Lebadca
743 4327 839 4375 ortum
856 4322 949 4378 luisse
963 4329 1089 4376 testatur
1102 4323 1219 4378 Suidas.
