3700 5684
613 669 658 714 nn
684 667 941 714 mannaronvn
968 668 1147 715 nrrsrvnls
1443 643 1484 713 61

264 829 380 891 tutam
409 818 619 892 Hadrianus
643 818 700 891 bis
726 819 907 918 respexit,
941 818 1099 891 mutauit
1120 829 1242 891 tamen
1271 819 1380 890 sicuti
1396 810 1493 890 ssmon

265 942 487 1015 uidebimus.
511 944 615 1015 Duos
634 942 747 1041 igitur
763 954 905 1016 tantum
931 944 1056 1016 titulos
1079 944 1139 1016 hic
1161 942 1304 1015 adferre
1318 968 1490 1043 possum,

263 1067 349 1139 licet
366 1076 521 1166 uterque
546 1067 620 1140 iam
642 1067 859 1139 notissimus
879 1067 972 1139 mihi
989 1066 1170 1140 uideatur.

313 1190 420 1262 Prior
441 1192 478 1262 in
507 1192 712 1291 fragmento
736 1190 869 1290 lapidis
898 1192 989 1264 cale.
1022 1190 1240 1291 leucophaei
1271 1190 1410 1264 incisus
1438 1203 1494 1264 est

266 1315 316 1412 (n.
339 1317 425 1414 904)
447 1316 552 1388 cuius
571 1317 673 1388 nulla
696 1342 824 1414 margo
843 1316 914 1388 nisi
940 1342 1100 1415 superna
1127 1326 1312 1388 asseruata
1339 1326 1406 1388 est.
1434 1314 1491 1386 Ibi

263 1439 435 1537 leguntur
448 1440 516 1513 hae
531 1439 674 1513 litterae
697 1466 704 1513 :

545 1625 806 1690 ΝΤΩΝΑΜΦΙ
950 1625 1172 1690 ΤΟΚΟΙΝΟ

545 1732 807 1797 ΝΛΕΥΚΙΟΝ
954 1732 1128 1795 ΙΟΥΛΙΑ

584 1840 628 1901 ΛΙ
642 1837 673 1873 ¹¹
688 1841 712 1902 Λ
725 1839 783 1901 ”A
951 1839 975 1901 5

312 1988 419 2072 Quod
440 1987 654 2061 iamdudum
679 2016 895 2089 persuasum
916 1989 1028 2062 habui
1045 1989 1137 2061 nihil
1158 1989 1357 2061 aliudesse
1379 2015 1490 2087 quam

263 2113 409 2184 titulum
427 2113 491 2211 qni
514 2139 534 2186 a
555 2115 713 2211 Cyriaeo
732 2114 939 2212 descriptus
960 2139 1059 2185 nuno
1080 2113 1278 2186 6161712
1305 2124 1415 2186 extat.
1440 2117 1486 2185 Α.

263 2236 361 2308 enim
383 2237 544 2325 Boeckh,
561 2238 655 2315 miro
669 2264 743 2336 qno
761 2239 814 2310 uti
835 2239 965 2311 solitus
983 2250 1038 2310 est
1051 2237 1236 2325 acumine,
1257 2264 1301 2309 ex
1316 2236 1491 2310 indiscre-

264 2361 310 2432 tis
333 2361 534 2459 apographi
556 2361 725 2434 uersibus
741 2361 834 2435 duos
855 2361 980 2435 titulos
1004 2388 1120 2462 paene
1141 2360 1280 2433 similes
1300 2360 1337 2433 in
1358 2360 1489 2434 eodem

261 2483 382 2583 lapide
391 2485 594 2584 insculptos
607 2486 719 2558 fuisse
733 2485 956 2586 perniderat.
967 2485 1076 2571 Quod
1089 2497 1212 2558 autem
1223 2485 1268 2557 de
1280 2485 1323 2556 C.
1333 2485 1490 2557 Caesare

262 2609 458 2706 cogitauit,
492 2634 566 2681 non
597 2610 657 2681 hic
683 2611 838 2698 errauit,
873 2610 938 2682 sed
967 2610 1028 2682 ille
1059 2610 1124 2708 qni
1158 2610 1299 2708 primus
1328 2608 1488 2707 lapidem

261 2732 468 2831 descripsit.
499 2734 627 2830 Neque
655 2733 950 2806 emendationem
979 2733 1267 2806 Muratorianam
1292 2724 1488 2830 Σεὸαστο1ῦ

262 2849 347 2953 υἱὸν]
380 2856 488 2929 nobis
514 2857 665 2955 quidem
696 2857 884 2956 probauit,
916 2859 981 2929 sed
1014 2857 1202 2956 quomodo
1228 2855 1489 2955 corrigendum

261 2990 358 3053 esset
373 2981 528 3053 uerbum
545 3008 566 3053 a
579 2981 736 3079 Cyriaoo
751 2981 886 3053 lectum
901 2981 1092 3055 indicauit.
1112 2982 1206 3053 Nam
1220 2980 1488 3052 restituendum

262 3130 421 3179 censeo:

351 3284 409 3371 [Tb
427 3285 537 3371 κοινδ1ν
556 3296 613 3352 τῶν
636 3285 742 3374 Ἀμφι·
811 3289 853 3355 Τὸ
869 3289 978 3375 acrabin
996 3299 1053 3355 τῶν
1074 3286 1308 3373 Ἀμφικτυόνων]

351 3400 506 3487 [κτυὲνω1ν
526 3403 652 3468 Λεύκιον
815 3402 956 3491 'lenitudo
973 3405 1017 3470 11,
1043 3402 1196 3490 Ἀγρίππα
1212 3401 1371 3488 θυγατέρα]

351 3514 493 3601 [Ἰούλιον
519 3515 671 3604 libiam
810 3519 976 3605 Σ1ε6αστοῦ
997 3518 1130 3604 storto]

261 3681 431 3780 Denique
450 3673 669 3779 [Ἀπόλλωνι
689 3674 824 3781 Πυθίῳ]
847 3685 947 3782 quod
967 3685 1046 3757 sine
1066 3683 1180 3756 dubio
1196 3683 1253 3754 bis
1268 3681 1486 3779 inscriptum

229 3900 231 3905 Δ
260 3816 349 3894 erat,
366 3807 390 3877 i.
409 3833 441 3879 e.
459 3807 572 3879 semel
588 3807 657 3879 sub
672 3818 829 3905 utroque
843 3808 1007 3881 nomine.

309 3931 465 4003 Duobus
484 3931 595 4030 igitur
617 3932 667 4004 M.
695 3933 882 4031 Agrippae
900 3943 937 4004 et
961 3933 1076 4004 Iuliae
1100 3935 1196 4031 Aug.
1219 3932 1245 4004 f.
1271 3929 1396 4030 pueris
1416 3938 1487 3999 sta·

259 4064 340 4125 tuas
360 4065 591 4127 consecratas
613 4082 691 4127 esse
717 4066 819 4154 puto,
844 4057 945 4155 quod
965 4058 1080 4130 altero
1101 4057 1206 4129 titulo
1230 4055 1483 4127 confirmatur.

260 4176 403 4275 Spectat
421 4179 519 4251 enim
538 4179 584 4252 ad
601 4180 753 4252 alteram
771 4182 822 4253 M.
842 4183 1029 4281 Agrippae
1044 4182 1158 4253 filiam
1173 4178 1363 4277 inscriptio
1380 4175 1486 4248 euius

259 4300 406 4375 sinistra
432 4330 516 4402 pars
540 4304 679 4376 Athen.
698 4304 852 4378 Miteeil.
870 4307 954 4405 Vp.
975 4308 1043 4377 197
1062 4305 1159 4379 edita
1184 4316 1251 4391 est,
1269 4327 1369 4376 nunc
1394 4325 1485 4375 uero

254 4424 536 4543 'adiungendum
556 4439 611 4500 est
630 4430 878 4526 fragmentum
897 4457 934 4503 n.
959 4432 1054 4503 3809
1073 4456 1081 4503 :
