3700 5684
683 666 875 713 coucuvsro
1371 640 1416 711 97

237 820 309 893 Sed
337 846 381 891 ex
414 820 484 891 hoc
515 818 732 917 ipso‘quod
771 828 1047 916 componuntur
1078 818 1213 890 statim
1237 830 1417 915 qnantum

186 945 359 1018 differant
394 943 555 1015 dilucide
594 943 790 1014 indicatur.
827 943 921 1014 Nam
965 942 1251 1014 christianorum
1290 942 1420 1039 religio

189 1096 304 1169 paene
331 1079 418 1140 tunc
443 1067 664 1159 nascebatur
690 1078 726 1138 et
764 1093 829 1165 per
862 1066 1040 1139 ulteriora
1069 1068 1213 1139 saecula
1247 1093 1313 1139 sua
1349 1068 1420 1139 sata

191 1193 399 1293 peragenda
419 1191 591 1265 habebat.
606 1192 768 1291 Tempus
780 1202 903 1263 autem
920 1218 995 1289 quo
1013 1191 1274 1289 Olympiorum
1289 1190 1420 1287 religio

191 1328 429 1391 euanesceret
463 1328 572 1415 atque
607 1317 903 1414 exstingueretur
944 1315 1274 1415 appropinquabat.
1311 1316 1420 1399 Quod

192 1442 319 1515 uidere
346 1468 420 1514 non
449 1451 617 1540 poterant
651 1441 839 1512 Plutarchi
864 1442 1036 1538 aequales
1065 1452 1102 1512 et
1131 1440 1194 1539 qui
1225 1450 1306 1538 post
1335 1467 1420 1510 cum

192 1567 393 1639 Antoninis
402 1564 672 1664 imperantibus
684 1566 784 1636 luere
798 1580 837 1637 ut
853 1565 917 1663 qui
930 1565 1062 1636 iniuria
1075 1564 1144 1636 sibi
1157 1564 1422 1663 persuaderent

104 1692 105 1695 '
191 1689 256 1786 τὴν
284 1689 429 1788 πάτριον
449 1691 507 1761 καὶ
527 1688 684 1761 παλαιὰν
705 1690 820 1762 πίστιν
860 1712 881 1757 a
913 1690 1002 1760 Deis
1049 1688 1171 1762 datam
1211 1716 1330 1788 neque
1375 1689 1421 1760 ab

196 1817 268 1887 ulla
284 1826 386 1914 parte
406 1813 696 1913 impugnandam
717 1840 795 1885 esse
809 1816 832 1884 ¹.
852 1812 1422 1911 llrgocaoeatquisneomnibus

194 1941 268 2011 illis
303 1938 518 2011 hominibus
553 1951 590 2010 ct
625 1938 879 2010 Romanorum
916 1938 1128 2037 imperatori
1167 1937 1277 2008 simul
1312 1949 1422 2035 atque

195 2063 376 2136 uilissimo
414 2062 663 2160 θαυματοποιῷ
690 2063 747 2134 uel
792 2062 1058 2161 praestigiatori
1097 2062 1159 2160 qui
1209 2062 1422 2162 delphicum

195 2177 395 2261 sacrarium
436 2213 582 2259 summo
623 2214 707 2259 oum
748 2186 870 2259 studio
906 2188 1066 2286 amplexi
1103 2199 1188 2258 sunt
1225 2213 1423 2259 commune
1474 2172 1477 2176 Δ

195 2312 391 2383 consilinm
416 2312 553 2384 tribuat
579 2312 685 2410 quasi
711 2311 1080 2411 templum'densatis
1107 2312 1301 2383 ordinibus
1326 2312 1422 2384 tueri

198 2437 394 2508 noluerint.
419 2437 660 2508 Documentis
679 2437 776 2507 enim
795 2437 885 2507 nihil
902 2437 1067 2508 adfertur
1081 2436 1179 2534 quod
1201 2437 1343 2508 somnia
1363 2437 1424 2509 illa

196 2587 283 2633 uera
332 2561 493 2633 euasisse
536 2560 718 2647 ostendat,
760 2570 796 2631 ct
839 2562 960 2659 reipsa
1002 2562 1185 2658 Apollinis
1227 2571 1424 2633 sectatores

197 2686 365 2756 consulto
391 2684 566 2757 adversus
596 2685 740 2756 hostem
774 2711 849 2756 non
883 2711 963 2756 sese
997 2686 1278 2783 congregauisse
1310 2686 1426 2783 liquet

197 2836 308 2908 quem
331 2808 531 2882 admodum
546 2809 772 2881 nesciebant.

245 2934 545 3032 Vniuscuinsqne
568 2933 620 3005 rei
641 2934 826 3006 humanae
846 2935 904 3006 lex
924 2946 979 3006 est
1007 2945 1047 3006 ut
1072 2947 1255 3024 nascatur,
1287 2935 1423 3033 uigeat,

199 3047 337 3159 pereat.
359 3059 431 3131 Sed
453 3070 489 3129 ut
513 3058 554 3129 lit
574 3058 611 3130 in
635 3058 774 3130 morbis
796 3059 932 3157 quibus
950 3059 1117 3157 corporis
1139 3060 1236 3131 uiros
1254 3086 1328 3131 non
1351 3087 1426 3132 uno

199 3185 272 3257 ictu
320 3186 454 3257 lractae
506 3183 732 3270 ceciderunt,
778 3183 1052 3269 imminuuntur
1092 3197 1214 3257 autem
1252 3186 1290 3257 in
1333 3186 1423 3275 dies,

200 3311 414 3408 priusquam
433 3308 470 3380 in
492 3320 638 3381 noctem
660 3309 832 3381 illabatur
852 3309 1098 3382 moribundus
1112 3306 1218 3409 quasi
1235 3311 1429 3410 inexspec-

201 3446 275 3507 tato
299 3434 439 3533 impetu
464 3434 623 3531 resurgit
647 3445 680 3505 et
711 3434 951 3533 semetipsum
979 3446 1014 3506 et
1038 3461 1124 3507 suos
1152 3436 1302 3534 decipit,
1330 3448 1368 3508 ut
1398 3435 1428 3508 si

201 3560 276 3631 uita
312 3584 427 3657 paene
460 3558 589 3630 ultimo
615 3557 758 3630 animae
796 3559 880 3630 nisu
915 3571 1132 3643 reuocetur3
1172 3561 1224 3632 ita
1261 3559 1428 3659 delphica
1460 3630 1467 3639 ,

204 3683 330 3781 religio
350 3709 444 3781 quae
467 3694 664 3780 antequam
683 3684 871 3780 Augustus
897 3710 1020 3755 rerum
1048 3684 1230 3782 potiretur
1261 3685 1430 3781 langues·

203 3804 321 3895 cebat,
332 3806 488 3879 Traiano
501 3806 691 3879 Hadriano
704 3808 828 3879 Marco
837 3807 1104 3906 imperantibus
1115 3807 1237 3880 denuo
1249 3802 1409 3881 effloruit
1420 3835 1427 3897 3

204 3931 303 4028 quod
342 3943 441 4003 certo
479 3932 771 4027 demonstratum
811 3943 877 4005 est.
916 3933 959 4003 ln
997 3934 1086 4032 ipsis
1121 3944 1244 4005 autem
1280 3934 1432 4006 [loribus

205 4057 356 4135 minime
382 4056 543 4129 latebant
571 4058 673 4155 signa
703 4056 839 4155 quibus
863 4057 1020 4129 indicari
1044 4058 1164 4157 potuit
1190 4085 1332 4132 moram
1357 4085 1430 4130 non

205 4179 415 4253 diuturnam
440 4182 599 4254 futuram
625 4192 661 4253 et
689 4181 828 4279 aliquid
855 4183 1043 4280 temporis,
1073 4193 1112 4254 ut
1142 4183 1191 4254 ita
1218 4183 1351 4272 dicam,
1387 4183 1432 4255 ad

217 4506 219 4509 .
237 4470 259 4516 l.
277 4464 446 4528 &insignia
461 4464 596 4515 Plutarchi
611 4466 861 4517 x·er1›a.m:uot·.c.
878 4473 914 4528 13,
930 4484 955 4531 p.
973 4473 1016 4515 756
1031 4469 1059 4518 ll.
