3700 5684
654 656 698 702 DE
724 655 972 702 ARCHONTIBVS

930 814 1091 887 βευλευὸν·

420 932 501 1008 [των]
516 923 715 1013 (Δ)άμω[νος]
738 940 789 992 τοῦ
816 926 1022 1011 Πολεμάρχου
1046 929 1107 1005 usli
1133 977 1199 994 .....

247 1111 439 1209 Adqnam
458 1110 570 1209 primi
596 1108 733 1182 saeculi
759 1134 898 1182 annum
928 1108 1184 1207 Pythodorum
1209 1112 1423 1184 archonlem

198 1235 354 1307 referam
374 1234 512 1307 nescio.
531 1235 626 1306 Nam
644 1233 791 1307 Damon
813 1233 1046 1305 Polemarchi
1057 1234 1083 1306 l.
1096 1232 1194 1306 idem
1211 1260 1289 1307 esse
1305 1245 1425 1333 potest

169 1398 176 1407 ·
198 1369 306 1456 atque
324 1358 496 1431 sacerdos
515 1357 576 1431 ille
594 1384 706 1457 quem
721 1384 789 1457 per
808 1357 966 1457 primam
980 1358 1116 1430 saeculi
1130 1369 1272 1457 partem
1289 1385 1425 1432 munus

196 1483 473 1555 contiuuauisse
490 1483 701 1581 accepimus
718 1484 743 1570 ¹,
768 1483 832 1555 sed
856 1482 949 1554 nihil
976 1481 1132 1582 impedit
1157 1508 1204 1554 ne
1224 1483 1424 1556 sacerdotis

196 1619 369 1706 nepotem
380 1608 419 1678 in
431 1609 502 1680 hoc
525 1607 620 1680 sicut
632 1606 670 1679 in
679 1606 980 1679 manumissionis
995 1607 1155 1705 quodam
1167 1607 1390 1681 documento
1410 1610 1423 1653 ‘²

195 1730 259 1803 ubi
280 1730 495 1804 nominatur
516 1730 615 1803 idem
642 1730 792 1803 buleuta
821 1756 1079 1828 agnoscamus
1101 1726 1244 1831 Nempe
1271 1758 1329 1805 res
1349 1759 1423 1831 quo

195 1855 370 1929 attentius
389 1854 607 1955 inspiciatur
625 1882 670 1928 eo
689 1856 808 1952 magis
828 1854 941 1928 dubia
960 1856 1012 1928 lit.

244 1980 307 2053 Bis
329 1981 579 2053 difficultatem
603 1980 721 2078 tetigi,
744 1979 917 2078 expedire
943 2006 1017 2051 non
1043 1980 1163 2080 potui.
1197 1980 1305 2052 Nunc
1333 2006 1423 2053 uero

196 2104 401 2203 explanabo
425 2130 498 2203 qua
523 2104 665 2177 ratione
690 2130 777 2176 usus
801 2104 955 2176 nomina
978 2105 1242 2177 nonnullorum
1266 2105 1423 2177 archon-

194 2241 273 2303 tum
293 2228 554 2328 disposuerim.

243 2352 303 2426 Ab
335 2380 379 2426 eo
408 2353 508 2425 enim
537 2379 634 2426 anno
672 2380 746 2451 quo
772 2354 863 2452 imp.
883 2353 987 2426 Titus
1008 2353 1164 2453 Delphis
1187 2354 1324 2426 archon
1353 2355 1422 2427 luit

194 2478 484 2578 proficiscamur,
497 2478 522 2548 i.
538 2503 571 2553 e.
590 2504 622 2550 a.
642 2480 687 2551 79
707 2481 734 2550 ³.
756 2478 932 2550 Buleutae
952 2488 1030 2550 tum
1047 2479 1197 2551 luerunt
1212 2478 1422 2577 Antigonus

194 2613 230 2674 ct
266 2603 439 2700 Agathou
475 2626 483 2674 ι
522 2601 702 2699 Antigoni
735 2613 857 2675 autem
887 2601 1018 2690 filium,
1055 2602 1264 2693 Glauciam,
1299 2614 1420 2700 partes

193 2725 365 2799 buleutae
389 2738 558 2824 agentem
586 2737 727 2825 postea,
757 2751 801 2798 eo
829 2725 911 2825 ipso
941 2751 1133 2824 annoque
1156 2726 1197 2799 C.
1221 2725 1420 2798 Memmius

193 2849 448 2949 Euthydemus
470 2851 619 2923 tertium
634 2849 821 2922 archontis
841 2875 994 2921 munere
1013 2850 1161 2922 functus
1176 2859 1231 2921 est
1249 2850 1276 2939 ⁴,
1298 2848 1419 2921 hocin

192 2973 299 3046 titulo
318 2974 530 3047 inuenimus
551 2976 577 3048 ⁵.

228 3271 254 3323 l.
275 3269 354 3324 BCH
366 3269 442 3323 xxll
458 3288 506 3341 pp.
525 3271 653 3325 175-177.

227 3361 253 3413 2.
277 3357 404 3431 lbid.,p.
422 3360 483 3414 130.

227 3449 254 3502 3.
275 3447 374 3501 Edidit
403 3447 519 3502 titulum
556 3448 587 3502 L.
621 3448 719 3501 Couve
743 3447 822 3501 BCH
851 3446 943 3500 XVlll
973 3465 1001 3518 p.
1043 3448 1097 3513 96;
1130 3453 1246 3517 tempus
1284 3447 1417 3502 deliniuit

191 3537 213 3594 1.
230 3537 361 3591 Pomtow
375 3536 484 3590 Philet.
502 3536 564 3589 LlV
579 3553 607 3606 p.
624 3538 686 3592 239.

226 3625 253 3679 4.
274 3625 412 3679 Eiusdem
426 3625 494 3678 anni
509 3625 659 3678 decretum
674 3625 731 3678 iam
751 3625 843 3678 habes
860 3620 1048 3677 Bcfl'xvul
1067 3642 1095 3695 p.
1116 3625 1161 3691 97,
1178 3625 1231 3678 sed
1249 3626 1298 3678 ubi
1316 3627 1416 3680 buleu-

190 3719 283 3768 tarum
295 3715 422 3780 nomina‚
439 3719 471 3766 ut
483 3713 639 3783 saepiusin
654 3713 704 3766 illo
721 3720 853 3784 tempore
865 3713 982 3778 accidit,
997 3729 1053 3765 non
1068 3714 1158 3766 incisa
1175 3719 1253 3767 sunt.

225 3805 251 3859 5.
273 3804 336 3857 Duo
347 3803 433 3869 tituli,
448 3802 506 3856 nisi
519 3801 597 3873 quod
612 3802 657 3855 uir
671 3801 764 3855 altero
779 3802 974 3855 honoratus...
989 3801 1134 3854 Diotimus
1150 3801 1239 3855 Chius
1252 3809 1308 3871 est,
1325 3804 1416 3856 simil·

188 3892 251 3945 limi
263 3892 432 3963 iuxtapositi
449 3891 477 3944 iu
493 3892 588 3944 antica
604 3890 724 3961 planitie
737 3889 844 3961 lapidis
864 3908 892 3944 n.
913 3891 982 3942 1220
1001 3889 1057 3959 leui
1075 3889 1291 3961 adiungendum
1310 3892 1413 3962 fragm.

188 3980 268 4051 1196)
284 3980 439 4051 leguntur;
459 3981 488 4033 in
504 3980 624 4033 sinistra
640 3983 722 4050 parte
737 3979 886 4032 decretum
903 3996 961 4049 quo
979 3978 1114 4032 laudatus
1128 3985 1175 4033 est
1189 3979 1298 4032 Alexas
1316 3981 1415 4051 inquo

186 4070 280 4123 forma
292 4069 408 4124 litterae
418 4070 446 4128 >t
456 4069 596 4122 notabilis
610 4074 654 4122 est
667 4085 674 4134 ;
688 4068 726 4122 cl.
743 4068 763 4123 l.
779 4067 921 4133 Pomtow,
935 4067 953 4122 l.
969 4067 988 4122 Ι.
1004 4067 1071 4120 adn.
1086 4068 1130 4121 55.
1146 4068 1232 4140 Lapis
1246 4068 1296 4122 ille
1307 4086 1336 4123 n.
1347 4071 1416 4122 1220

187 4164 322 4229 repertus
333 4162 379 4212 est
393 4164 460 4212 ante
471 4158 596 4211 frontem
612 4158 723 4229 templi,
741 4156 973 4230 septentrionem
993 4162 1024 4209 et
1040 4157 1184 4211 orientem
1195 4174 1299 4211 uersus
1311 4178 1316 4210 :
1328 4175 1414 4228 quem

186 4262 223 4301 ex
238 4253 305 4300 anta
321 4246 544 4317 septentrionali
559 4246 704 4300 cecidisse
724 4264 781 4300 non
799 4247 863 4300 sine
883 4263 970 4299 causa
992 4262 1166 4316 persuasum
1181 4246 1285 4314 babeo,
1300 4264 1367 4300 nam
1386 4248 1414 4301 in
1529 4287 1534 4298 .

186 4340 312 4407 utroque
327 4336 418 4389 latere
434 4335 543 4389 incisae
556 4341 624 4389 sunt
635 4335 854 4407 inscriptiones.
869 4335 956 4390 Laut.
973 4338 984 4388 1
1003 4352 1042 4388 m.
1059 4335 1120 4389 375.
