<?xml version="1.0" encoding="UTF-8"?>
<!DOCTYPE html PUBLIC "-//W3C//DTD XHTML 1.0 Transitional//EN"
    "http://www.w3.org/TR/xhtml1/DTD/xhtml1-transitional.dtd">
<html xmlns="http://www.w3.org/1999/xhtml" xml:lang="en" lang="en">
 <head>
  <title>
</title>
<meta http-equiv="Content-Type" content="text/html;charset=utf-8" />
  <meta name='ocr-system' content='tesseract 3.04.00' />
  <meta name='ocr-capabilities' content='ocr_page ocr_carea ocr_par ocr_line ocrx_word'/>
</head>
<body>
  <div class='ocr_page' id='page_1' title='image "./derebusdelphici00bourgoog_0100.png"; bbox 0 0 3700 5684; ppageno 0'>
   <div class='ocr_carea' id='block_1_1' title="bbox 396 1493 1627 2468">
    <p class='ocr_par' dir='ltr' id='par_1_1' title="bbox 396 1493 1627 2468">
     <span class='ocr_line' id='line_1_1' title="bbox 447 1493 1627 1594; baseline 0.001 -29"><span class='ocrx_word' id='word_1_1' title='bbox 447 1495 521 1567; x_wconf 84' lang='lat' dir='ltr'>Vix</span> <span class='ocrx_word' id='word_1_2' title='bbox 541 1506 631 1594; x_wconf 91' lang='lat' dir='ltr'>puto</span> <span class='ocrx_word' id='word_1_3' title='bbox 654 1493 848 1567; x_wconf 76' lang='lat' dir='ltr'>dissenties</span> <span class='ocrx_word' id='word_1_4' title='bbox 873 1494 904 1566; x_wconf 90' lang='lat' dir='ltr'>si</span> <span class='ocrx_word' id='word_1_5' title='bbox 931 1494 1153 1587; x_wconf 86' lang='lat' dir='ltr'>documenta</span> <span class='ocrx_word' id='word_1_6' title='bbox 1180 1520 1274 1593; x_wconf 89' lang='lat' dir='ltr'>quae</span> <span class='ocrx_word' id='word_1_7' title='bbox 1303 1494 1493 1592; x_wconf 89' lang='lat' dir='ltr'>hucusque</span> <span class='ocrx_word' id='word_1_8' title='bbox 1521 1494 1627 1566; x_wconf 91' lang='lat' dir='ltr'>attuli</span> 
     </span>
     <span class='ocr_line' id='line_1_2' title="bbox 398 1618 1626 1720; baseline -0.002 -27"><span class='ocrx_word' id='word_1_9' title='bbox 398 1618 572 1720; x_wconf 80' lang='lat' dir='ltr'>pauciora</span> <span class='ocrx_word' id='word_1_10' title='bbox 607 1645 686 1693; x_wconf 89' lang='lat' dir='ltr'>esse</span> <span class='ocrx_word' id='word_1_11' title='bbox 720 1618 849 1691; x_wconf 84' lang='lat' dir='ltr'>dixero</span> <span class='ocrx_word' id='word_1_12' title='bbox 889 1645 1002 1717; x_wconf 83' lang='lat' dir='ltr'>quam</span> <span class='ocrx_word' id='word_1_13' title='bbox 1045 1630 1085 1691; x_wconf 91' lang='lat' dir='ltr'>ut</span> <span class='ocrx_word' id='word_1_14' title='bbox 1127 1618 1172 1691; x_wconf 93' lang='lat' dir='ltr'>de</span> <span class='ocrx_word' id='word_1_15' title='bbox 1215 1620 1370 1720; x_wconf 84' lang='lat' dir='ltr'>Delphis</span> <span class='ocrx_word' id='word_1_16' title='bbox 1409 1620 1472 1694; x_wconf 91' lang='lat' dir='ltr'>illa</span> <span class='ocrx_word' id='word_1_17' title='bbox 1509 1630 1626 1692; x_wconf 89' lang='lat' dir='ltr'>aetate</span> 
     </span>
     <span class='ocr_line' id='line_1_3' title="bbox 396 1743 1626 1831; baseline -0.001 -15"><span class='ocrx_word' id='word_1_18' title='bbox 396 1744 613 1816; x_wconf 75' lang='lat' dir='ltr'>florentibus</span> <span class='ocrx_word' id='word_1_19' title='bbox 649 1744 687 1814; x_wconf 92' lang='lat' dir='ltr'>in</span> <span class='ocrx_word' id='word_1_20' title='bbox 724 1743 940 1816; x_wconf 81' lang='lat' dir='ltr'>uniuersum</span> <span class='ocrx_word' id='word_1_21' title='bbox 979 1744 1234 1818; x_wconf 84' lang='lat' dir='ltr'>concludatur.</span> <span class='ocrx_word' id='word_1_22' title='bbox 1274 1746 1382 1831; x_wconf 85' lang='lat' dir='ltr'>Nam,</span> <span class='ocrx_word' id='word_1_23' title='bbox 1425 1745 1469 1818; x_wconf 52' lang='lat' dir='ltr'>ut&#39;</span> <span class='ocrx_word' id='word_1_24' title='bbox 1501 1744 1626 1817; x_wconf 93' lang='lat' dir='ltr'>omnia</span> 
     </span>
     <span class='ocr_line' id='line_1_4' title="bbox 397 1868 1626 1968; baseline -0.001 -27"><span class='ocrx_word' id='word_1_25' title='bbox 397 1869 564 1941; x_wconf 90' lang='lat' dir='ltr'>omittam</span> <span class='ocrx_word' id='word_1_26' title='bbox 586 1894 681 1968; x_wconf 90' lang='lat' dir='ltr'>quae</span> <span class='ocrx_word' id='word_1_27' title='bbox 704 1879 851 1967; x_wconf 88' lang='lat' dir='ltr'>tempus</span> <span class='ocrx_word' id='word_1_28' title='bbox 870 1869 1115 1966; x_wconf 85' lang='lat' dir='ltr'>hominesque</span> <span class='ocrx_word' id='word_1_29' title='bbox 1136 1868 1244 1941; x_wconf 92' lang='lat' dir='ltr'>nobis</span> <span class='ocrx_word' id='word_1_30' title='bbox 1260 1870 1487 1957; x_wconf 88' lang='lat' dir='ltr'>inuiderunt,</span> <span class='ocrx_word' id='word_1_31' title='bbox 1511 1869 1626 1941; x_wconf 91' lang='lat' dir='ltr'>titulis</span> 
     </span>
     <span class='ocr_line' id='line_1_5' title="bbox 397 1992 1626 2094; baseline 0.001 -28"><span class='ocrx_word' id='word_1_32' title='bbox 397 2020 491 2093; x_wconf 86' lang='lat' dir='ltr'>quos</span> <span class='ocrx_word' id='word_1_33' title='bbox 512 1994 631 2092; x_wconf 83' lang='lat' dir='ltr'>legisti</span> <span class='ocrx_word' id='word_1_34' title='bbox 660 1992 894 2092; x_wconf 86' lang='lat' dir='ltr'>adiungenda</span> <span class='ocrx_word' id='word_1_35' title='bbox 924 2000 979 2066; x_wconf 83' lang='lat' dir='ltr'>est</span> <span class='ocrx_word' id='word_1_36' title='bbox 1006 1994 1159 2092; x_wconf 85' lang='lat' dir='ltr'>insuper</span> <span class='ocrx_word' id='word_1_37' title='bbox 1184 1995 1272 2068; x_wconf 88' lang='lat' dir='ltr'>satis</span> <span class='ocrx_word' id='word_1_38' title='bbox 1305 1997 1427 2094; x_wconf 89' lang='lat' dir='ltr'>ampla</span> <span class='ocrx_word' id='word_1_39' title='bbox 1456 1994 1626 2067; x_wconf 91' lang='lat' dir='ltr'>collectio</span> 
     </span>
     <span class='ocr_line' id='line_1_6' title="bbox 396 2106 1625 2218; baseline 0.002 -29"><span class='ocrx_word' id='word_1_40' title='bbox 396 2117 682 2217; x_wconf 75' lang='lat' dir='ltr'>inscriptionum</span> <span class='ocrx_word' id='word_1_41' title='bbox 710 2118 848 2216; x_wconf 89' lang='lat' dir='ltr'>quibus</span> <span class='ocrx_word' id='word_1_42' title='bbox 877 2119 1015 2218; x_wconf 84' lang='lat' dir='ltr'>Delphi</span> <span class='ocrx_word' id='word_1_43' title='bbox 1040 2106 1316 2193; x_wconf 86' lang='lat' dir='ltr'>honorauerunl</span> <span class='ocrx_word' id='word_1_44' title='bbox 1347 2119 1448 2192; x_wconf 86' lang='lat' dir='ltr'>uiros</span> <span class='ocrx_word' id='word_1_45' title='bbox 1477 2118 1625 2192; x_wconf 84' lang='lat' dir='ltr'>aliunde</span> 
     </span>
     <span class='ocr_line' id='line_1_7' title="bbox 397 2242 1626 2343; baseline 0.001 -29"><span class='ocrx_word' id='word_1_46' title='bbox 397 2242 558 2315; x_wconf 89' lang='lat' dir='ltr'>illustres</span> <span class='ocrx_word' id='word_1_47' title='bbox 592 2253 655 2314; x_wconf 89' lang='lat' dir='ltr'>aut</span> <span class='ocrx_word' id='word_1_48' title='bbox 689 2242 889 2315; x_wconf 84' lang='lat' dir='ltr'>admodum</span> <span class='ocrx_word' id='word_1_49' title='bbox 928 2244 1088 2341; x_wconf 84' lang='lat' dir='ltr'>ignotos,</span> <span class='ocrx_word' id='word_1_50' title='bbox 1121 2244 1196 2316; x_wconf 90' lang='lat' dir='ltr'>illic</span> <span class='ocrx_word' id='word_1_51' title='bbox 1241 2245 1368 2343; x_wconf 85' lang='lat' dir='ltr'>utique</span> <span class='ocrx_word' id='word_1_52' title='bbox 1405 2244 1626 2342; x_wconf 88' lang='lat' dir='ltr'>conspicuos</span> 
     </span>
     <span class='ocr_line' id='line_1_8' title="bbox 397 2362 1623 2468; baseline 0.001 -29"><span class='ocrx_word' id='word_1_53' title='bbox 397 2379 549 2466; x_wconf 88' lang='lat' dir='ltr'>propter</span> <span class='ocrx_word' id='word_1_54' title='bbox 573 2367 819 2440; x_wconf 89' lang='lat' dir='ltr'>reuerentiam</span> <span class='ocrx_word' id='word_1_55' title='bbox 849 2394 922 2467; x_wconf 88' lang='lat' dir='ltr'>qna</span> <span class='ocrx_word' id='word_1_56' title='bbox 953 2362 1137 2467; x_wconf 78' lang='lat' dir='ltr'>Apollinis</span> <span class='ocrx_word' id='word_1_57' title='bbox 1162 2369 1287 2440; x_wconf 88' lang='lat' dir='ltr'>fanum</span> <span class='ocrx_word' id='word_1_58' title='bbox 1313 2368 1498 2468; x_wconf 88' lang='lat' dir='ltr'>prosecuti</span> <span class='ocrx_word' id='word_1_59' title='bbox 1525 2378 1623 2440; x_wconf 91' lang='lat' dir='ltr'>sunt.</span> 
     </span>
    </p>
   </div>
   <div class='ocr_carea' id='block_1_2' title="bbox 340 2491 1665 2938">
    <p class='ocr_par' dir='ltr' id='par_1_2' title="bbox 340 2491 1665 2938">
     <span class='ocr_line' id='line_1_9' title="bbox 340 2491 1626 2592; baseline 0.002 -29"><span class='ocrx_word' id='word_1_60' title='bbox 340 2508 346 2513; x_wconf 57' lang='lat'>⁴</span> <span class='ocrx_word' id='word_1_61' title='bbox 397 2492 643 2565; x_wconf 89' lang='lat' dir='ltr'>Proconsules</span> <span class='ocrx_word' id='word_1_62' title='bbox 678 2492 819 2564; x_wconf 84' lang='lat' dir='ltr'>scilicet</span> <span class='ocrx_word' id='word_1_63' title='bbox 861 2491 1024 2564; x_wconf 79' lang='lat' dir='ltr'>Achaiae</span> <span class='ocrx_word' id='word_1_64' title='bbox 1066 2504 1128 2565; x_wconf 86' lang='lat' dir='ltr'>aut</span> <span class='ocrx_word' id='word_1_65' title='bbox 1168 2493 1291 2580; x_wconf 83' lang='lat' dir='ltr'>Asiae,</span> <span class='ocrx_word' id='word_1_66' title='bbox 1338 2493 1626 2592; x_wconf 87' lang='lat' dir='ltr'>spectatissimos</span> 
     </span>
     <span class='ocr_line' id='line_1_10' title="bbox 397 2606 1625 2707; baseline 0.002 -29"><span class='ocrx_word' id='word_1_67' title='bbox 397 2607 506 2707; x_wconf 92' lang='lat' dir='ltr'>primi</span> <span class='ocrx_word' id='word_1_68' title='bbox 535 2606 676 2679; x_wconf 92' lang='lat' dir='ltr'>ordinis</span> <span class='ocrx_word' id='word_1_69' title='bbox 704 2607 874 2679; x_wconf 88' lang='lat' dir='ltr'>homines</span> <span class='ocrx_word' id='word_1_70' title='bbox 909 2607 1153 2707; x_wconf 79' lang='lat' dir='ltr'>feminasque,</span> <span class='ocrx_word' id='word_1_71' title='bbox 1187 2609 1289 2680; x_wconf 88' lang='lat' dir='ltr'>uelut</span> <span class='ocrx_word' id='word_1_72' title='bbox 1313 2607 1473 2680; x_wconf 91' lang='lat' dir='ltr'>Herodis</span> <span class='ocrx_word' id='word_1_73' title='bbox 1511 2608 1625 2682; x_wconf 85' lang='lat' dir='ltr'>Attici</span> 
     </span>
     <span class='ocr_line' id='line_1_11' title="bbox 396 2722 1665 2822; baseline 0.002 -28"><span class='ocrx_word' id='word_1_74' title='bbox 396 2748 549 2795; x_wconf 84' lang='lat' dir='ltr'>uxorem</span> <span class='ocrx_word' id='word_1_75' title='bbox 567 2733 604 2794; x_wconf 90' lang='lat' dir='ltr'>et</span> <span class='ocrx_word' id='word_1_76' title='bbox 620 2749 768 2821; x_wconf 85' lang='lat' dir='ltr'>pueros,</span> <span class='ocrx_word' id='word_1_77' title='bbox 789 2734 851 2795; x_wconf 87' lang='lat' dir='ltr'>aut</span> <span class='ocrx_word' id='word_1_78' title='bbox 869 2723 1025 2795; x_wconf 91' lang='lat' dir='ltr'>Domitii</span> <span class='ocrx_word' id='word_1_79' title='bbox 1041 2722 1139 2795; x_wconf 90' lang='lat' dir='ltr'>illius</span> <span class='ocrx_word' id='word_1_80' title='bbox 1156 2724 1298 2821; x_wconf 86' lang='lat' dir='ltr'>Hygini</span> <span class='ocrx_word' id='word_1_81' title='bbox 1313 2724 1492 2797; x_wconf 87' lang='lat' dir='ltr'>familiam</span> <span class='ocrx_word' id='word_1_82' title='bbox 1507 2749 1618 2822; x_wconf 92' lang='lat' dir='ltr'>quem</span> <span class='ocrx_word' id='word_1_83' title='bbox 1662 2749 1665 2753; x_wconf 82' lang='lat'><strong>·</strong></span> 
     </span>
     <span class='ocr_line' id='line_1_12' title="bbox 395 2837 1625 2938; baseline 0.002 -29"><span class='ocrx_word' id='word_1_84' title='bbox 395 2837 552 2938; x_wconf 89' lang='lat' dir='ltr'>Delphis</span> <span class='ocrx_word' id='word_1_85' title='bbox 563 2839 778 2911; x_wconf 88' lang='lat' dir='ltr'>archontem</span> <span class='ocrx_word' id='word_1_86' title='bbox 799 2839 910 2910; x_wconf 87' lang='lat' dir='ltr'>luisse</span> <span class='ocrx_word' id='word_1_87' title='bbox 931 2840 1195 2936; x_wconf 79' lang='lat' dir='ltr'>comperimus,</span> <span class='ocrx_word' id='word_1_88' title='bbox 1213 2838 1468 2938; x_wconf 90' lang='lat' dir='ltr'>philosophos,</span> <span class='ocrx_word' id='word_1_89' title='bbox 1481 2838 1625 2938; x_wconf 89' lang='lat' dir='ltr'>sophis-</span> 
     </span>
    </p>
   </div>
   <div class='ocr_carea' id='block_1_3' title="bbox 395 2962 1626 3177">
    <p class='ocr_par' dir='ltr' id='par_1_3' title="bbox 395 2962 1626 3177">
     <span class='ocr_line' id='line_1_13' title="bbox 395 2962 1626 3063; baseline 0 -29"><span class='ocrx_word' id='word_1_90' title='bbox 395 2973 464 3051; x_wconf 87' lang='lat' dir='ltr'>tas,</span> <span class='ocrx_word' id='word_1_91' title='bbox 495 2963 676 3051; x_wconf 86' lang='lat' dir='ltr'>rhetores,</span> <span class='ocrx_word' id='word_1_92' title='bbox 702 2962 865 3035; x_wconf 90' lang='lat' dir='ltr'>inomni</span> <span class='ocrx_word' id='word_1_93' title='bbox 897 2989 1032 3060; x_wconf 80' lang='lat' dir='ltr'>genere</span> <span class='ocrx_word' id='word_1_94' title='bbox 1066 2962 1229 3035; x_wconf 86' lang='lat' dir='ltr'>eruditos</span> <span class='ocrx_word' id='word_1_95' title='bbox 1263 2973 1299 3035; x_wconf 91' lang='lat' dir='ltr'>et</span> <span class='ocrx_word' id='word_1_96' title='bbox 1335 2963 1545 3063; x_wconf 88' lang='lat' dir='ltr'>praecipue,</span> <span class='ocrx_word' id='word_1_97' title='bbox 1586 2976 1626 3034; x_wconf 89' lang='lat' dir='ltr'>ut</span> 
     </span>
     <span class='ocr_line' id='line_1_14' title="bbox 396 3076 1623 3177; baseline 0.001 -28"><span class='ocrx_word' id='word_1_98' title='bbox 396 3078 555 3168; x_wconf 90' lang='lat' dir='ltr'>uidetur,</span> <span class='ocrx_word' id='word_1_99' title='bbox 595 3078 632 3149; x_wconf 93' lang='lat' dir='ltr'>in</span> <span class='ocrx_word' id='word_1_100' title='bbox 665 3077 895 3150; x_wconf 84' lang='lat' dir='ltr'>naturalibus</span> <span class='ocrx_word' id='word_1_101' title='bbox 928 3076 1220 3176; x_wconf 84' lang='lat' dir='ltr'>quaestionibus,</span> <span class='ocrx_word' id='word_1_102' title='bbox 1252 3090 1362 3176; x_wconf 91' lang='lat' dir='ltr'>atque</span> <span class='ocrx_word' id='word_1_103' title='bbox 1390 3104 1475 3150; x_wconf 89' lang='lat' dir='ltr'>cum</span> <span class='ocrx_word' id='word_1_104' title='bbox 1506 3079 1623 3177; x_wconf 89' lang='lat' dir='ltr'>poetis</span> 
     </span>
    </p>
   </div>
   <div class='ocr_carea' id='block_1_4' title="bbox 379 3199 1625 4544">
    <p class='ocr_par' dir='ltr' id='par_1_4' title="bbox 379 3199 1625 3923">
     <span class='ocr_line' id='line_1_15' title="bbox 396 3199 1623 3299; baseline 0.002 -27"><span class='ocrx_word' id='word_1_105' title='bbox 396 3201 564 3288; x_wconf 87' lang='lat' dir='ltr'>athletas,</span> <span class='ocrx_word' id='word_1_106' title='bbox 590 3228 673 3274; x_wconf 93' lang='lat' dir='ltr'>cum</span> <span class='ocrx_word' id='word_1_107' title='bbox 696 3202 947 3299; x_wconf 85' lang='lat' dir='ltr'>grammaticis</span> <span class='ocrx_word' id='word_1_108' title='bbox 971 3202 1223 3284; x_wconf 80' lang='lat' dir='ltr'>circulatores,</span> <span class='ocrx_word' id='word_1_109' title='bbox 1247 3202 1497 3291; x_wconf 78' lang='lat' dir='ltr'>funambulos,</span> <span class='ocrx_word' id='word_1_110' title='bbox 1511 3199 1623 3274; x_wconf 72' lang='grc' dir='ltr'>καλο-</span> 
     </span>
     <span class='ocr_line' id='line_1_16' title="bbox 396 3324 1622 3427; baseline 0 -30"><span class='ocrx_word' id='word_1_111' title='bbox 396 3324 526 3408; x_wconf 61' lang='lat' dir='ltr'>dirae:</span> <span class='ocrx_word' id='word_1_112' title='bbox 552 3353 637 3398; x_wconf 90' lang='lat' dir='ltr'>mox</span> <span class='ocrx_word' id='word_1_113' title='bbox 662 3352 858 3425; x_wconf 89' lang='lat' dir='ltr'>pernosces</span> <span class='ocrx_word' id='word_1_114' title='bbox 889 3327 1027 3427; x_wconf 88' lang='lat' dir='ltr'>uariam</span> <span class='ocrx_word' id='word_1_115' title='bbox 1054 3326 1155 3399; x_wconf 90' lang='lat' dir='ltr'>illam</span> <span class='ocrx_word' id='word_1_116' title='bbox 1184 3328 1352 3399; x_wconf 91' lang='lat' dir='ltr'>omnium</span> <span class='ocrx_word' id='word_1_117' title='bbox 1384 3326 1528 3400; x_wconf 89' lang='lat' dir='ltr'>turbam</span> <span class='ocrx_word' id='word_1_118' title='bbox 1559 3325 1622 3424; x_wconf 91' lang='lat' dir='ltr'>qui</span> 
     </span>
     <span class='ocr_line' id='line_1_17' title="bbox 395 3450 1623 3550; baseline 0 -28"><span class='ocrx_word' id='word_1_119' title='bbox 395 3475 499 3522; x_wconf 90' lang='lat' dir='ltr'>suam</span> <span class='ocrx_word' id='word_1_120' title='bbox 550 3450 696 3522; x_wconf 88' lang='lat' dir='ltr'>laudem</span> <span class='ocrx_word' id='word_1_121' title='bbox 744 3461 919 3549; x_wconf 89' lang='lat' dir='ltr'>tanquam</span> <span class='ocrx_word' id='word_1_122' title='bbox 973 3478 993 3523; x_wconf 89' lang='lat' dir='ltr'>a</span> <span class='ocrx_word' id='word_1_123' title='bbox 1040 3452 1121 3523; x_wconf 92' lang='lat' dir='ltr'>Deo</span> <span class='ocrx_word' id='word_1_124' title='bbox 1169 3451 1381 3525; x_wconf 84' lang='lat' dir='ltr'>confirmari</span> <span class='ocrx_word' id='word_1_125' title='bbox 1427 3451 1623 3550; x_wconf 86' lang='lat' dir='ltr'>cupiebant</span> 
     </span>
     <span class='ocr_line' id='line_1_18' title="bbox 394 3573 1625 3674; baseline 0.002 -28"><span class='ocrx_word' id='word_1_126' title='bbox 394 3601 627 3674; x_wconf 90' lang='lat' dir='ltr'>quorumque</span> <span class='ocrx_word' id='word_1_127' title='bbox 647 3573 754 3648; x_wconf 89' lang='lat' dir='ltr'>laude</span> <span class='ocrx_word' id='word_1_128' title='bbox 770 3575 951 3674; x_wconf 89' lang='lat' dir='ltr'>templum</span> <span class='ocrx_word' id='word_1_129' title='bbox 975 3576 1136 3649; x_wconf 91' lang='lat' dir='ltr'>inuicem</span> <span class='ocrx_word' id='word_1_130' title='bbox 1165 3575 1439 3674; x_wconf 91' lang='lat' dir='ltr'>quodammodo</span> <span class='ocrx_word' id='word_1_131' title='bbox 1465 3575 1625 3648; x_wconf 89' lang='lat' dir='ltr'>illustra-</span> 
     </span>
     <span class='ocr_line' id='line_1_19' title="bbox 379 3689 1623 3798; baseline 0.002 -27"><span class='ocrx_word' id='word_1_132' title='bbox 379 3689 514 3773; x_wconf 78' lang='lat' dir='ltr'>batur.</span> <span class='ocrx_word' id='word_1_133' title='bbox 538 3698 596 3771; x_wconf 85' lang='lat' dir='ltr'>Ad</span> <span class='ocrx_word' id='word_1_134' title='bbox 616 3699 716 3772; x_wconf 87' lang='lat' dir='ltr'>aliud</span> <span class='ocrx_word' id='word_1_135' title='bbox 736 3699 849 3797; x_wconf 81' lang='lat' dir='ltr'>igitur</span> <span class='ocrx_word' id='word_1_136' title='bbox 866 3711 1012 3798; x_wconf 90' lang='lat' dir='ltr'>tempus</span> <span class='ocrx_word' id='word_1_137' title='bbox 1032 3711 1065 3771; x_wconf 88' lang='lat' dir='ltr'>et</span> <span class='ocrx_word' id='word_1_138' title='bbox 1079 3701 1122 3772; x_wconf 88' lang='lat' dir='ltr'>ad</span> <span class='ocrx_word' id='word_1_139' title='bbox 1139 3701 1252 3772; x_wconf 90' lang='lat' dir='ltr'>alium</span> <span class='ocrx_word' id='word_1_140' title='bbox 1270 3701 1393 3772; x_wconf 89' lang='lat' dir='ltr'>locum</span> <span class='ocrx_word' id='word_1_141' title='bbox 1409 3699 1439 3771; x_wconf 89' lang='lat' dir='ltr'>si</span> <span class='ocrx_word' id='word_1_142' title='bbox 1455 3699 1623 3773; x_wconf 81' lang='lat' dir='ltr'>differam</span> 
     </span>
     <span class='ocr_line' id='line_1_20' title="bbox 395 3823 1230 3923; baseline 0.004 -28"><span class='ocrx_word' id='word_1_143' title='bbox 395 3823 484 3922; x_wconf 90' lang='lat' dir='ltr'>quid</span> <span class='ocrx_word' id='word_1_144' title='bbox 507 3825 677 3915; x_wconf 90' lang='lat' dir='ltr'>sentiam,</span> <span class='ocrx_word' id='word_1_145' title='bbox 700 3824 779 3896; x_wconf 89' lang='lat' dir='ltr'>iure</span> <span class='ocrx_word' id='word_1_146' title='bbox 798 3851 872 3896; x_wconf 92' lang='lat' dir='ltr'>non</span> <span class='ocrx_word' id='word_1_147' title='bbox 894 3851 953 3896; x_wconf 90' lang='lat' dir='ltr'>me</span> <span class='ocrx_word' id='word_1_148' title='bbox 970 3824 1230 3923; x_wconf 77' lang='lat' dir='ltr'>reprehendas</span> 
     </span>
    </p>

    <p class='ocr_par' dir='ltr' id='par_1_5' title="bbox 393 3939 1623 4544">
     <span class='ocr_line' id='line_1_21' title="bbox 444 3939 1622 4052; baseline -0.001 -29"><span class='ocrx_word' id='word_1_149' title='bbox 444 3949 649 4049; x_wconf 87' lang='lat' dir='ltr'>Suppetunt</span> <span class='ocrx_word' id='word_1_150' title='bbox 682 3961 805 4022; x_wconf 89' lang='lat' dir='ltr'>tamen</span> <span class='ocrx_word' id='word_1_151' title='bbox 832 3975 926 4048; x_wconf 89' lang='lat' dir='ltr'>quae</span> <span class='ocrx_word' id='word_1_152' title='bbox 961 3948 1159 4021; x_wconf 88' lang='lat' dir='ltr'>didicimus</span> <span class='ocrx_word' id='word_1_153' title='bbox 1193 3959 1248 4052; x_wconf 89' lang='lat' dir='ltr'>ut</span> <span class='ocrx_word' id='word_1_154' title='bbox 1267 3949 1340 4021; x_wconf 89' lang='lat' dir='ltr'>iam</span> <span class='ocrx_word' id='word_1_155' title='bbox 1357 3956 1405 4031; x_wconf 82' lang='grc' dir='ltr'>εἰς</span> <span class='ocrx_word' id='word_1_156' title='bbox 1428 3950 1510 4047; x_wconf 83' lang='grc' dir='ltr'>μίαν</span> <span class='ocrx_word' id='word_1_157' title='bbox 1532 3939 1622 4022; x_wconf 82' lang='grc' dir='ltr'>ἰδέαν</span> 
     </span>
     <span class='ocr_line' id='line_1_22' title="bbox 393 4072 1620 4172; baseline -0.001 -26"><span class='ocrx_word' id='word_1_158' title='bbox 393 4073 515 4146; x_wconf 89' lang='lat' dir='ltr'>omnia</span> <span class='ocrx_word' id='word_1_159' title='bbox 550 4072 725 4146; x_wconf 88' lang='lat' dir='ltr'>ducentes</span> <span class='ocrx_word' id='word_1_160' title='bbox 757 4074 954 4172; x_wconf 89' lang='lat' dir='ltr'>complecti</span> <span class='ocrx_word' id='word_1_161' title='bbox 1000 4084 1198 4146; x_wconf 85' lang='lat' dir='ltr'>tentemus.</span> <span class='ocrx_word' id='word_1_162' title='bbox 1243 4074 1337 4145; x_wconf 87' lang='lat' dir='ltr'>Nam</span> <span class='ocrx_word' id='word_1_163' title='bbox 1381 4073 1412 4144; x_wconf 88' lang='lat' dir='ltr'>si</span> <span class='ocrx_word' id='word_1_164' title='bbox 1450 4073 1534 4172; x_wconf 88' lang='lat' dir='ltr'>quis</span> <span class='ocrx_word' id='word_1_165' title='bbox 1581 4074 1620 4145; x_wconf 91' lang='lat' dir='ltr'>in</span> 
     </span>
     <span class='ocr_line' id='line_1_23' title="bbox 394 4197 1621 4297; baseline 0.001 -28"><span class='ocrx_word' id='word_1_166' title='bbox 394 4197 671 4293; x_wconf 83' lang='lat' dir='ltr'>multitudinem</span> <span class='ocrx_word' id='word_1_167' title='bbox 711 4198 829 4297; x_wconf 86' lang='lat' dir='ltr'>ipsam</span> <span class='ocrx_word' id='word_1_168' title='bbox 864 4198 1057 4269; x_wconf 89' lang='lat' dir='ltr'>titulorum</span> <span class='ocrx_word' id='word_1_169' title='bbox 1100 4197 1275 4283; x_wconf 90' lang='lat' dir='ltr'>intuetur,</span> <span class='ocrx_word' id='word_1_170' title='bbox 1318 4223 1391 4269; x_wconf 92' lang='lat' dir='ltr'>non</span> <span class='ocrx_word' id='word_1_171' title='bbox 1434 4198 1621 4270; x_wconf 91' lang='lat' dir='ltr'>immerito</span> 
     </span>
     <span class='ocr_line' id='line_1_24' title="bbox 394 4320 1622 4421; baseline 0.002 -29"><span class='ocrx_word' id='word_1_172' title='bbox 394 4320 593 4394; x_wconf 86' lang='lat' dir='ltr'>arbitratur</span> <span class='ocrx_word' id='word_1_173' title='bbox 611 4322 779 4421; x_wconf 89' lang='lat' dir='ltr'>Delphos</span> <span class='ocrx_word' id='word_1_174' title='bbox 803 4322 838 4393; x_wconf 89' lang='lat' dir='ltr'>in</span> <span class='ocrx_word' id='word_1_175' title='bbox 856 4323 971 4394; x_wconf 87' lang='lat' dir='ltr'>altero</span> <span class='ocrx_word' id='word_1_176' title='bbox 992 4348 1028 4420; x_wconf 90' lang='lat' dir='ltr'>p.</span> <span class='ocrx_word' id='word_1_177' title='bbox 1051 4322 1140 4394; x_wconf 90' lang='lat' dir='ltr'>Chr.</span> <span class='ocrx_word' id='word_1_178' title='bbox 1161 4322 1307 4393; x_wconf 90' lang='lat' dir='ltr'>saeculo</span> <span class='ocrx_word' id='word_1_179' title='bbox 1318 4321 1422 4419; x_wconf 89' lang='lat' dir='ltr'>quasi</span> <span class='ocrx_word' id='word_1_180' title='bbox 1434 4320 1622 4395; x_wconf 88' lang='lat' dir='ltr'>rediuiuos</span> 
     </span>
     <span class='ocr_line' id='line_1_25' title="bbox 396 4445 1623 4544; baseline 0.002 -28"><span class='ocrx_word' id='word_1_181' title='bbox 396 4470 494 4516; x_wconf 91' lang='lat' dir='ltr'>nouo</span> <span class='ocrx_word' id='word_1_182' title='bbox 510 4445 704 4544; x_wconf 92' lang='lat' dir='ltr'>splendore</span> <span class='ocrx_word' id='word_1_183' title='bbox 725 4447 917 4519; x_wconf 84' lang='lat' dir='ltr'>effulsisse.</span> <span class='ocrx_word' id='word_1_184' title='bbox 938 4446 1122 4519; x_wconf 91' lang='lat' dir='ltr'>Nimirum</span> <span class='ocrx_word' id='word_1_185' title='bbox 1141 4445 1301 4519; x_wconf 87' lang='lat' dir='ltr'>habebat</span> <span class='ocrx_word' id='word_1_186' title='bbox 1318 4445 1537 4520; x_wconf 88' lang='lat' dir='ltr'>Plutarchus</span> <span class='ocrx_word' id='word_1_187' title='bbox 1556 4473 1623 4519; x_wconf 90' lang='lat' dir='ltr'>cur</span> 
     </span>
    </p>
   </div>
   <div class='ocr_carea' id='block_1_5' title="bbox 0 0 1854 5684">
    <p class='ocr_par' dir='ltr' id='par_1_6' title="bbox 0 0 1854 5684">
     <span class='ocr_line' id='line_1_26' title="bbox 0 0 1854 5684; baseline 0 1"><span class='ocrx_word' id='word_1_188' title='bbox 0 0 1854 5684; x_wconf 95' lang='lat' dir='ltr'> </span> 
     </span>
    </p>
   </div>
  </div>
 </body>
</html>
