3700 5684
688 625 730 669 nr
760 623 1006 670 aaunourrnvs
1413 598 1455 670 21

233 803 369 849 nomen
394 776 612 847 adfectatam
637 775 895 872 antiquitatem
920 775 1073 860 redolet,
1103 774 1287 872 siquidem
1319 784 1360 845 ut
1387 800 1460 845 uox

232 907 401 1000 προφῆτις
428 925 448 971 a
487 899 635 998 poetis¹
676 898 721 970 de
752 899 886 997 Pythia
920 899 1103 998 usurpari,
1137 899 1187 970 ita
1220 898 1390 971 sacerdos
1414 896 1460 970 ab

234 1033 384 1104 homine
404 1033 469 1130 qui
498 1033 765 1105 Ilerodoteos2
790 1032 905 1104 libros
930 1032 1145 1131 perlegisset
1172 1028 1356 1132 προφήτης
1387 1031 1460 1102 dici

232 1157 362 1256 potuit.
381 1158 464 1228 Non
478 1157 645 1253 igiturde
659 1157 837 1230 Romanis
851 1167 994 1233 tautum
1011 1156 1151 1229 Seneca
1162 1157 1266 1228 illum
1282 1156 1459 1253 gemitum

231 1282 347 1353 lecit:
377 1281 583 1353 litterarum
610 1281 893 1379 intemperantia
918 1280 1145 1371 laboramus,
1172 1281 1231 1353 cui
1263 1291 1346 1353 ante
1369 1279 1460 1352 alios

232 1405 369 1504 Delphi
402 1406 572 1478 assentiri
593 1405 813 1479 debuerunt.

602 1733 653 1806 Il.
682 1776 730 1787 -
755 1759 799 1805 ou
827 1758 1084 1807 ancnourrsvs.

220 1996 229 2007 .
281 1940 383 2011 Inter
419 1940 614 2012 archontes
657 1964 816 2036 quorum
859 1939 1012 2010 nomina
1049 1938 1087 2010 in
1121 1938 1459 2010 manumissionum

231 2063 465 2136 documentis
477 2071 689 2151 occurrunt,
705 2063 852 2135 circiter
870 2063 1060 2160 sexaginta
1080 2063 1201 2161 primo
1216 2090 1253 2162 p.
1277 2061 1365 2134 Chr.
1379 2088 1460 2134 sae-

231 2190 313 2261 culo
334 2188 547 2260 tribuuntur
566 2191 578 2233 ³
603 2213 611 2259 :
639 2187 851 2284 nequedum
877 2187 969 2259 mihi
994 2186 1146 2284 quidem
1166 2187 1376 2286 suppeditat
1394 2212 1460 2259 cur

230 2338 337 2384 suum
358 2313 491 2409 cuique
517 2312 639 2384 locum
662 2311 860 2409 assignem.
880 2312 979 2409 Ergo
1001 2311 1146 2384 diuersa
1175 2312 1235 2383 uia
1259 2310 1458 2410 procedere

231 2437 575 2537 impraesentiarum
596 2437 710 2508 satius
723 2448 790 2508 est.
816 2437 985 2509 Decretis
1007 2437 1107 2508 euim
1132 2435 1267 2535 quibus
1283 2436 1460 2535 proxenia

231 2562 416 2659 ceterique
465 2562 624 2633 honores
681 2562 842 2633 externis
892 2561 1108 2633 hominibus
1161 2559 1460 2632 concedebantur

232 2687 425 2758 archontes
445 2686 585 2758 nonita
606 2686 712 2758 multi
727 2685 977 2773 innotescunt,
992 2685 1056 2757 sed
1072 2710 1222 2784 perraro
1236 2684 1349 2756 iidem
1365 2710 1459 2782 quos

232 2836 277 2882 ex
291 2810 624 2882 manumissionum
644 2810 760 2882 titulis
779 2809 965 2881 nouimus.
985 2807 1238 2893 Quamobrem
1254 2808 1346 2879 nihil
1359 2807 1459 2880 aliud

231 2961 330 3008 nunc
339 2961 449 3033 quam
460 2935 543 3007 illos
556 2934 678 3031 quoad
687 2944 842 3033 potuero
855 2933 1058 3005 secundum
1071 2943 1280 3031 temporum
1289 2932 1458 3004 ordinem

232 3060 433 3137 collocabo.
449 3060 636 3157 Deinceps
655 3058 781 3156 siquis
801 3068 1000 3155 utrumque
1018 3058 1234 3130 archontum
1251 3057 1458 3154 catalogum

231 3185 268 3255 iu
288 3210 404 3256 unum
430 3183 656 3255 confundere
684 3182 852 3267 tentabit,
875 3183 1019 3254 lacilius
1042 3208 1150 3280 spero
1170 3183 1249 3254 fore
1272 3191 1311 3252 ut
1329 3207 1458 3253 omnes

229 3308 297 3380 rite
317 3308 499 3407 disponat,
513 3308 649 3406 quippe
663 3333 821 3406 quornm
833 3307 1034 3379 nonnullos
1049 3307 1136 3379 satis
1151 3315 1251 3379 certo
1262 3305 1458 3378 interuallo

230 3432 422 3504 distinctos
437 3432 582 3504 habeat.
604 3431 677 3504 Sed
702 3458 748 3503 ne
774 3458 909 3504 uanam
939 3458 1042 3530 spem
1072 3431 1353 3529 praecipiamus,
1378 3456 1457 3502 rem

231 3555 336 3626 ardui
349 3565 472 3626 tamen
493 3554 627 3625 laboris
648 3554 809 3625 luturam
830 3581 908 3625 esse
925 3555 1049 3627 statim
1067 3553 1210 3625 latebor
1230 3564 1266 3624 et
1285 3553 1371 3650 quia
1386 3552 1458 3623 lre-

232 3679 406 3777 quentius
437 3678 565 3750 eadem
593 3678 744 3748 nomina
777 3677 931 3748 redeunt
960 3689 996 3749 et
1029 3691 1178 3775 propter
1208 3678 1341 3749 multas
1369 3676 1458 3747 alias

232 3829 372 3876 causas.
396 3802 493 3886 Quid
515 3802 615 3873 enim
642 3800 864 3899 sperandum
888 3801 947 3887 sit,
973 3801 1062 3898 quid
1086 3801 1292 3873 timendum
1311 3825 1457 3897 quoque

232 3928 426 4001 ostendere
452 3928 622 4026 exemplo
650 3951 724 3996 uno
750 3935 814 3996 aut
833 3926 948 3996 altero
974 3926 1092 4015 liceat,
1115 3936 1155 3995 ut
1174 3925 1204 3995 si
1226 3923 1316 4022 quid
1332 3934 1457 4022 postea

233 4045 434 4116 errauerim
452 4043 599 4119 ueniam
619 4041 831 4140 anticipem.

273 4238 296 4289 l.
320 4236 351 4289 E.
368 4253 394 4288 c.
411 4234 507 4305 Eurip.
523 4233 583 4288 lou.
598 4252 626 4288 u.
643 4234 687 4288 4⁶2.

267 4327 292 4378 2.
313 4324 390 4389 Vlll,
405 4326 448 4378 36.

273 4417 298 4467 3.
321 4414 398 4467 BCll
413 4413 491 4466 xxu
505 4430 533 4482 p.
553 4414 611 4467 155.
