3700 5684
393 714 439 785 92
743 740 788 785 na
814 735 1072 784 ruruuaronvu
1099 735 1277 783 arrsrvms

390 891 550 964 Seuerus
581 891 720 964 tribun.
746 900 879 990 potest.
907 890 989 963 XV.
1008 889 1162 988 aceepit,
1183 889 1221 961 id
1245 900 1300 961 est
1323 916 1355 961 a.
1378 917 1413 988 p.
1436 889 1524 963 Chr.
1548 890 1618 963 207

390 1025 646 1098 collocandum
684 1035 750 1097 est.
781 1025 870 1096 Post
905 1021 1134 1122 αὐτοκράτωρ
1163 1025 1316 1096 lortasse
1353 1013 1400 1094 ια’
1430 1023 1621 1122 legebatur

391 1148 692 1247 quandoquidem
713 1150 750 1220 in
772 1147 964 1248 permultis
985 1149 1236 1220 monumentis
1253 1148 1343 1247 imp.
1368 1149 1419 1219 XI
1439 1175 1554 1247 usque
1574 1148 1619 1220 ad

362 1284 548 1375 'mortem
579 1274 642 1345 ille
680 1272 827 1346 dicitur.
863 1248 1015 1345 Initium
1053 1298 1164 1370 quam
1202 1271 1432 1344 simillimum
1468 1271 1621 1371 praebet

393 1398 519 1470 titulus
539 1397 720 1497 Ephesius
737 1398 833 1469 Ano.
849 1398 915 1470 Gr.
936 1397 1053 1469 Inrcr.
1072 1397 1138 1468 Br.
1156 1397 1254 1469 Mur.
1277 1397 1347 1483 111,
1370 1395 1615 1469 CCCCXCV.

444 1521 552 1605 Quod
573 1522 618 1593 ad
637 1521 831 1621 epistulam
849 1522 965 1620 ipsam
985 1532 1125 1621 spectat
1146 1519 1388 1619 imperatores
1413 1547 1555 1593 morem
1572 1520 1617 1593 ab

391 1646 565 1718 omnibus
582 1648 698 1718 ferme
718 1646 781 1745 qui
797 1656 1072 1718 antecesserunt
1094 1645 1269 1717 traditum
1283 1655 1432 1717 tuentur
1448 1646 1617 1744 donaque

391 1780 426 1842 et
462 1769 542 1842 iura
569 1769 725 1869 Delphis
753 1796 926 1843 concessa
955 1771 1187 1843 confirmant.
1212 1771 1340 1868 Neque
1364 1780 1490 1841 notatu
1525 1769 1619 1841 indi·

391 1921 505 1992 gnum
532 1907 599 1981 est,
631 1921 716 1996 nam
747 1905 830 1994 post
855 1894 1005 1967 eosdem
1035 1921 1114 1966 mos
1144 1894 1204 1965 ille
1238 1905 1413 1992 tanquam
1447 1894 1614 1966 soluitur.

391 2019 548 2091 Perraro
565 2032 731 2118 tempore
756 2018 1013 2118 progrediente
1038 2021 1238 2118 imperator
1261 2029 1379 2091 statua
1399 2019 1615 2107 bonoratur,

390 2144 490 2215 nulla
510 2144 582 2215 iam
597 2143 770 2216 scribitur
785 2144 953 2242 epistula.
968 2144 1084 2216 Simul
1098 2143 1248 2241 quidem
1269 2154 1377 2241 atque
1391 2144 1480 2242 imp.
1498 2144 1618 2215 Vanu-

390 2294 486 2340 maru
521 2267 639 2365 (BCH
678 2269 747 2340 XX
782 2296 818 2367 p.
857 2270 942 2365 728)
976 2269 1098 2366 imago
1131 2268 1220 2366 imp.
1257 2268 1430 2341 Girumu
1469 2294 1617 2366 quoque

390 2399 606 2465 consecrata
626 2404 681 2465 est
703 2417 710 2464 :
736 2420 774 2465 n.
799 2394 905 2465 1082.

725 2550 983 2671 [Ablroapo'reoplo
1008 2573 1158 2661 Καίσαρα]

741 2691 895 2756 Πούπλιον
926 2688 1102 2775 ΛικίννιοΙν]

739 2806 919 2902 Pallanta,
939 2806 1068 2887 Εὓσεόῆ,
1087 2804 1254 2892 ΕὺΙτυχῆΙ,

743 2923 905 3001 Σεέαστέν,
924 2931 942 3003 ἠ
960 2920 1053 3007 [ἱεΙρὰ
1071 2922 1196 3006 Δελφῶν

892 3042 990 3115 ablue.

439 3174 511 3249 Sed
540 3175 681 3248 litterae
713 3177 789 3248 lere
830 3174 1007 3248 euanidae
1041 3188 1077 3249 et
1102 3175 1232 3249 baseos
1262 3176 1356 3274 lapis
1388 3175 1617 3272 ineleganter

391 3298 535 3371 dolatus
550 3299 659 3372 nobis
679 3300 902 3371 documento
918 3312 1003 3372 sunt
1022 3302 1155 3373 frustra
1172 3301 1277 3371 illum
1301 3300 1480 3373 Hadriani
1495 3300 1617 3372 imita·

393 3434 509 3495 torem
539 3423 799 3522 eruditumque
839 3424 1014 3496 Graeciae
1053 3435 1255 3496 amatorem
1286 3424 1508 3496 immutabili
1542 3425 1616 3496 fato

392 3546 509 3620 obniti
537 3549 749 3623 tentauisse.
771 3549 898 3647 Itaque
929 3549 1090 3620 breuiter
1109 3574 1360 3621 memoremus
1379 3558 1416 3620 et
1439 3548 1531 3621 Cam
1545 3559 1616 3620 sta-

393 3682 494 3745 tuam
522 3672 624 3765 (CIG
655 3675 762 3769 llll)
792 3685 826 3747 et
865 3675 1068 3770 fragmenta
1097 3672 1207 3745 edicti
1244 3699 1318 3771 quo
1347 3674 1617 3746 Drouturmuvs

394 3830 410 3865 «
425 3797 544 3896 legem
563 3799 690 3898 pretiis
703 3825 825 3870 rerum
840 3798 1027 3870 uenalium
1039 3809 1198 3870 statuere
1212 3808 1365 3871 conatus
1385 3809 1437 3870 est
1463 3830 1478 3863 υ
1498 3798 1619 3893 (BCH

392 3923 499 3994 XXII
528 3951 563 4022 p.
583 3923 671 4009 4033
688 3923 851 3994 XXVIII
872 3949 908 4022 p.
928 3924 1028 4017 400),
1044 3933 1252 4021 repetamus
1276 3922 1387 3994 etiam
1409 3922 1490 3994 illas
1511 3921 1616 3994 bases

391 4073 485 4145 quae
528 4048 716 4119 nonnullis
747 4047 1032 4146 imperatoribus
1067 4046 1187 4145 quarti
1220 4046 1355 4118 saeculi
1384 4046 1504 4143 (BCH
1546 4046 1615 4117 XX

391 4199 427 4271 p.
459 4174 543 4269 729)
573 4173 711 4270 positae
742 4182 828 4243 sunt
860 4172 932 4243 iam
967 4182 1074 4243 antea
1102 4170 1139 4242 in
1171 4197 1236 4243 usu
1270 4170 1382 4243 luisse
1411 4182 1519 4269 alque
1546 4170 1615 4242 alia

392 4297 542 4368 nomina
568 4295 688 4369 adhue
716 4307 839 4369 extare
861 4296 899 4367 in
929 4298 1041 4368 latere
1066 4296 1188 4367 autin
1215 4307 1316 4391 tergo
1343 4295 1470 4367 incisa.
1501 4292 1617 4366 Nobis

394 4446 481 4490 uero
510 4430 582 4490 tam
611 4420 892 4492 celeriterhaec
919 4432 1085 4519 tempora
1114 4445 1229 4518 paene
1260 4445 1376 4492 uacua
1399 4444 1617 4517 percurren-

392 4542 491 4616 tibus
506 4544 673 4653 ultimam
694 4555 807 4643 ponet
826 4556 961 4617 metam
982 4545 1271 4618 Cousraurmrs.
