3700 5684
376 585 425 656 42
857 609 901 657 on
928 607 1122 655 oanrvnors

370 761 587 835 incredibile
618 771 824 855 memoratu
861 771 917 833 est
952 759 1088 860 quibus
1117 757 1343 832 funambulis
1370 759 1598 833 circulatori-

371 886 514 985 busque
529 886 612 959 data
636 884 684 959 sit
702 911 778 958 non
804 887 922 959 solum
949 884 1093 973 ciuitas,
1118 884 1308 957 sedetiam
1325 883 1384 956 ius
1401 884 1597 958 consilium

370 1018 616 1117 ingrediendi,
636 1045 747 1118 quam
770 1015 997 1117 βουλιυτείαν
1022 1016 1270 1118 appellabant.
1294 993 1426 1116 ‘Neque
1445 1016 1598 1093 nescius

371 1166 453 1217 sum
474 1166 672 1243 procerum
695 1143 854 1216 familias
873 1153 970 1216 tunc·
982 1168 1099 1242 paene
1118 1142 1317 1215 exstinctas
1338 1141 1451 1215 luisse
1471 1167 1481 1216 :
1503 1168 1596 1241 quo

369 1294 454 1341 rum
484 1267 664 1341 inlocum
694 1278 733 1340 ul
755 1266 980 1340 inmte·
1007 1267 1250 1365 fungerentur
1268 1265 1475 1340 sufficiendi
1506 1292 1593 1339 sane

370 1402 475 1466 erant
490 1391 667 1477 aduenae,
683 1390 749 1465 sed
764 1416 874 1490 aegre
886 1391 983 1464 ferre
1000 1391 1086 1464 licet
1100 1417 1164 1464 eos
1178 1417 1254 1464 non
1275 1417 1405 1464 omnes
1425 1390 1596 1490 Hyginos

371 1516 542 1591 Soclaros
557 1506 921 1617 Plutarchosssfuisse.

420 1640 528 1714 Alius
555 1651 679 1714 autem
704 1640 775 1713 fuit
805 1639 1040 1738 magistratus
1063 1666 1174 1739 quem
1207 1639 1364 1739 Delphis
1395 1638 1598 1738 antiquitus

371 1764 536 1839 extitisse
566 1765 754 1849 nouimus,
791 1764 838 1839 de
872 1790 948 1863 quo
992 1764 1117 1864 paullo
1152 1764 1257 1864 plura
1294 1762 1597 1864 inscriptionibus

372 1898 633 1999 imperatoriae
652 1897 782 1971 aetatis
807 1898 998 1983 docemur,
1015 1887 1251 1997 δαμιουργούς
1269 1897 1365 1971 dioc.
1390 1897 1474 1970 Non
1494 1897 1597 1997 equi·

371 2022 513 2095 demin
541 2031 664 2096 mente
688 2021 807 2095 habeo
827 2023 953 2095 omnia
976 2021 1146 2095 omnium
1166 2021 1363 2095 ciuitatem
1377 2047 1597 2119 graecarum

372 2158 410 2250 et
448 2146 664 2247 praesertim
708 2147 916 2251 asianarum
962 2147 1183 2220 documenta
1223 2172 1422 2251 congerere
1462 2145 1597 2246 quibus

370 2269 554 2370 demiurgi
589 2270 863 2344 nominantur:
893 2270 1050 2370 Delphis
1079 2296 1183 2373 uero,
1219 2281 1262 2342 ut
1293 2248 1409 2371 paene
1443 2269 1594 2369 ubique.

371 2393 546 2497 ciuilibus
571 2393 683 2467 rebus
706 2394 824 2468 multo
853 2394 970 2493 magis
996 2421 1108 2494 quam
1141 2394 1254 2468 sacris
1273 2421 1423 2495 operam
1450 2393 1595 2467 dedisse

373 2518 463 2591 mihi
485 2518 659 2596 uidentur
675 2520 700 2591 ¹.
723 2519 832 2603 Quod
850 2520 923 2593 iam
938 2518 1013 2592 dici
1033 2529 1152 2618 potest
1170 2518 1216 2591 de
1228 2518 1274 2592 iis
1294 2519 1413 2619 quiin
1433 2519 1596 2619 phratria

372 2626 630 2749 Labyadarum
665 2643 820 2716 multam
854 2642 1123 2747 indicabant&
1142 2632 1274 2716 melius
1305 2644 1415 2717 etiam
1454 2644 1499 2715 de
1532 2643 1596 2715 illo

372 2767 516 2873 Callida
548 2767 613 2867 qui
642 2767 831 2841 decretum
849 2767 1038 2868 quoddam
1066 2745 1305 2841 incidendum
1338 2767 1524 2841 curauit3.
1553 2768 1595 2839 In

373 2893 581 3001 fragmento
611 2892 721 2965 edicti
755 2880 904 2966 misere¹
934 2894 1054 2966 trunci
1092 2894 1144 2991 (n.
1180 2895 1304 2990 llll),
1340 2892 1440 2993 quod
1476 2891 1521 2964 de
1557 2919 1598 2964 re

372 3026 509 3099 rustica
538 3026 701 3126 positum
734 3026 849 3099 fuisse
886 3053 931 3099 ex
973 3025 1087 3099 uerbo
1113 3024 1404 3127 γεγεωργηκότας
1447 3052 1598 3098 sumen-

370 3156 460 3232 dum
489 3171 555 3250 est,
589 3186 626 3232 u.
663 3161 686 3232 3
714 3158 767 3232 sic
792 3158 928 3257 legitur
957 3182 965 3231 ε
1057 3184 1118 3232 ειν.
1134 3150 1177 3230 Εἰ
1196 3149 1232 3230 δέ
1251 3184 1304 3243 τις
1325 3150 1594 3260 δαμιουργῶνῆ

372 3285 582 3391 {leubaldum
593 3348 600 3362 .
611 3349 635 3362 ..
660 3291 757 3365 unde
777 3291 956 3392 suspicari
969 3291 1055 3364 licet
1069 3292 1148 3364 eius
1165 3290 1311 3391 collegii
1325 3293 1593 3386 auctoritatem,

371 3417 439 3488 etsi
475 3442 629 3529 perraro
670 3415 705 3488 in
744 3415 1048 3516 inscriptionibus
1086 3426 1323 3505 memoratur,
1359 3443 1433 3489 non
1471 3429 1593 3492 tamen

408 3606 433 3658 1.
454 3603 498 3657 Ne
524 3604 606 3675 plura
630 3603 735 3669 dicam,
766 3603 870 3658 titulus
885 3602 1098 3658 rhodiacuslG
1112 3602 1163 3656 llll
1187 3604 1596 3677 1,705ιι1)ἰδαμιουργήσαντος

369 3698 398 3746 et
417 3693 548 3763 ἱεροποιῶν
564 3693 708 3747 uocabula
730 3693 943 3747 continuantur
957 3693 1143 3764 potissimum
1160 3693 1254 3747 adfert
1269 3694 1446 3765 exemplum,
1465 3694 1597 3770 damiurf

369 3799 440 3853 gum
453 3798 506 3852 per
524 3782 669 3853 seipsum
685 3782 869 3837 sacerdotem
884 3799 943 3836 non
960 3782 1062 3837 fuisse,
1078 3781 1110 3836 Si
1125 3783 1192 3853 quis
1207 3799 1278 3836 uero
1293 3800 1329 3835 cx
1343 3783 1420 3836 tituli
1436 3782 1477 3837 IG
1507 3784 1544 3838 lx
1562 3787 1597 3839 32

372 3888 421 3925 uu.
442 3871 523 3924 ttae
546 3871 684 3942 colligere
715 3871 779 3924 uult
802 3871 894 3925 rebus
921 3871 1014 3924 sacris
1042 3870 1194 3925 studuisse
1219 3870 1388 3925 Medeouios
1413 3872 1595 3946 demiurgos.

371 3960 644 4031 interpretationem
660 3959 731 4013 mihi
747 3960 865 4031 quidem
876 3978 935 4013 non
951 3959 1064 4031 probat.
1081 3958 1142 4013 Illic
1159 3960 1238 4013 enim
1253 3959 1376 4014 uerbum
1391 3960 1596 4033 δαμιοργεόντων

373 4046 415 4121 (τὰ
433 4048 497 4120 ἱερά)
513 4048 542 4101 in
559 4049 730 4103 uniuersum
745 4048 803 4102 dici
819 4049 912 4120 liquet
929 4048 1074 4120 nequead
1091 4049 1296 4121 magistratum
1311 4048 1441 4104 dilucide
1456 4049 1596 4123 designa·

373 4143 434 4191 tum
448 4137 606 4208 pertinere.
1090 4148 1092 4151 ’

406 4236 433 4289 2.
454 4234 532 4288 BCH
548 4235 611 4288 xlx
622 4253 650 4307 p.
666 4237 699 4288 12
714 4253 743 4292 u.
759 4237 791 4289 19
806 4233 850 4290 :ef
862 4236 890 4289 δέ
904 4255 928 4289 τι
938 4236 1032 4290 τούτων
1050 4234 1235 4305 sepelitote,
1251 4235 1381 4291 θωεόντων
1393 4238 1435 4291 τοί
1447 4256 1473 4292 τε
1486 4239 1597 4309 &eptap-

369 4324 409 4394 γοὶ
420 4323 462 4376 καὶ
474 4323 513 4377 τοὶ
523 4320 598 4377 ἄλλοι
615 4321 715 4387 ndstra.

408 4421 433 4475 3.
451 4419 529 4474 BCH
542 4419 632 4473 XVlll
648 4438 676 4492 p.
692 4423 725 4473 77
742 4438 770 4476 u.
786 4423 829 4476 10.
