3700 5684
388 641 432 710 12
899 665 1097 712 enarrarro

436 819 564 890 Altero
593 829 730 903 autem,
758 817 803 889 de
831 819 1056 891 commercio
1085 820 1281 918 praecipue
1302 819 1490 916 epistulari
1509 817 1608 916 quod

388 942 485 1015 inter
515 943 768 1014 Rornanorum
808 942 1051 1040 imperotores
1084 954 1120 1014 et
1156 943 1386 1042 Delphorum
1421 942 1608 1015 ciuitatem

387 1059 545 1131 extitit¹.

421 1320 446 1371 1.
466 1317 531 1371 Non
544 1334 663 1389 possum
679 1333 782 1370 omnes
793 1317 946 1371 doctorum
962 1319 1090 1371 uirorum
1102 1317 1482 1389 libroscommentariosque
1491 1317 1609 1371 laudare

384 1407 432 1478 qui
442 1413 509 1460 ante
519 1406 665 1459 fossiones
674 1424 699 1460 a.
715 1408 783 1459 1892
796 1406 948 1477 incoeptas
963 1407 999 1460 de
1010 1407 1098 1461 rebus
1107 1407 1255 1477 Delphicis
1265 1408 1409 1461 Romanae
1419 1408 1524 1459 aetatis
1533 1412 1609 1459 trac-

386 1500 531 1550 tauerunt.
546 1494 659 1559 Quibus
674 1495 812 1548 omnibus
827 1501 859 1549 ut
874 1495 985 1567 aliquid
1005 1495 1149 1549 adiectum
1173 1503 1228 1563 est,
1250 1497 1289 1549 ita
1311 1496 1383 1549 nihil
1398 1502 1448 1549 aut
1465 1495 1527 1549 iere
1537 1495 1609 1548 nihil

383 1583 558 1638 detractum.
572 1582 629 1637 Sed
641 1583 678 1637 de
692 1582 877 1637 documentis
885 1601 960 1657 quae
976 1585 1049 1638 hoce
1058 1585 1087 1637 in
1101 1584 1200 1638 libello
1212 1584 1292 1655 leges
1304 1584 1477 1655 paucissima
1486 1584 1609 1654 praefari

385 1689 506 1726 necesse
514 1679 570 1726 est.
582 1672 648 1743 lpse
659 1690 685 1725 a.
697 1673 765 1726 1895
776 1672 811 1726 ad
828 1673 1013 1727 Academiam
1023 1673 1284 1745 inscriptionumet
1297 1673 1506 1726 llumaniorum
1516 1673 1609 1726 Litte-

385 1778 480 1814 rarum
499 1752 730 1827 lucubrationem
749 1762 815 1814 misi
842 1762 1033 1833 syllogenque
1049 1761 1199 1816 titulorum
1215 1763 1319 1816 aetatis
1337 1762 1540 1834 imperatoriae
1559 1760 1607 1827 (ci.

385 1851 516 1920 Comptea
526 1850 698 1904 lienduarlc.
712 1849 775 1903 llil.
790 1852 869 1905 1896.
878 1868 926 1921 pp.
935 1850 1031 1921 86-89)
1041 1852 1497 1921 :cuiuspartemauctametnouo
1508 1849 1610 1904 ordine

384 1938 557 2009 dispositam
573 1940 620 1992 hic
636 1939 772 2010 praebeo.
782 1939 953 1994 DeindeTli.
963 1939 1184 2006 Homolle‚dom
1198 1938 1609 2010 historiamtemplillpollinis

385 2028 580 2098 persequitur,
594 2027 670 2081 idern
684 2028 866 2098 propositum
882 2028 979 2098 attigit
994 2027 1220 2099 compluresque
1235 2028 1441 2098 inscriptiones
1460 2043 1609 2080 commen-

385 2116 458 2169 tario
475 2116 569 2170 bonae
581 2115 732 2169 doctrinae
747 2115 835 2188 pleno
850 2118 967 2170 ornauit
982 2116 1060 2171 Ball.
1082 2117 1118 2169 dr
1139 2118 1224 2170 Corr.
1240 2116 1307 2170 hell.
1332 2116 1380 2168 XX
1399 2133 1448 2187 pp.
1468 2117 1607 2179 :or-iam

384 2222 506 2275 quarum
520 2221 606 2257 onam
621 2211 672 2258 aut
687 2204 807 2258 alteram
823 2205 1013 2275 repetendam
1024 2222 1091 2259 esse
1101 2205 1259 2258 arbitratos
1273 2222 1348 2259 som.
1362 2206 1400 2258 Ea
1413 2212 1509 2259 autem
1523 2206 1610 2259 docu-

385 2299 481 2347 menta
502 2293 636 2348 nondum
657 2294 685 2346 in
706 2293 802 2347 lucem
824 2293 936 2365 prolata
960 2311 1033 2365 quae
1057 2295 1182 2366 primum
1205 2295 1252 2347 hic
1268 2294 1350 2365 leges
1366 2312 1432 2347 mox
1448 2294 1610 2348 Annalibus

384 2383 512 2436 Gallicae
532 2399 606 2453 quae
627 2388 674 2435 est
698 2383 822 2436 Athenis
844 2383 963 2437 scholae
979 2383 1079 2455 (BClll
1104 2385 1214 2437 inserta
1235 2384 1377 2447 inuenies,
1406 2401 1460 2437 nec
1485 2385 1609 2437 seorsim

385 2472 478 2544 posita
494 2471 546 2525 sed
559 2471 720 2524 secundum
731 2473 871 2544 temporis
883 2472 1016 2526 ordinem
1030 2472 1182 2539 collocata,
1200 2490 1252 2526 nec
1267 2472 1390 2527 disiecta
1403 2473 1455 2526 sed
1469 2480 1609 2544 quantum

385 2567 508 2632 potuero
522 2567 690 2632 aggregata.
708 2561 764 2614 Alii
776 2579 892 2633 quoque
907 2562 986 2616 tituli
1000 2561 1144 2615 adiciendi
1160 2568 1229 2615 sunt
1243 2563 1374 2631 molti‚et
1387 2563 1524 2616 omnibus
1537 2564 1611 2617 iusta

384 2650 517 2702 lemmate
531 2649 806 2721 superimponenda.
825 2651 878 2704 llic
890 2652 959 2704 enin
977 2658 1090 2705 tanturn
1104 2668 1156 2722 pro
1171 2653 1342 2706 testimonio
1359 2668 1469 2724 quaeso
1482 2652 1608 2718 ualeant,

383 2738 442 2791 illie
458 2756 528 2792 uero
543 2738 675 2811 digniora
684 2746 769 2793 erunt
784 2757 857 2812 quae
868 2741 977 2811 publici
991 2741 1062 2794 iuris
1075 2741 1154 2796 fiant.
