3700 5684
677 589 720 635 01
747 587 993 636 ancnonrmvs
1402 566 1449 635 37
1530 550 1537 553 ³

269 717 415 814 Taurus
435 740 585 840 quidem
609 739 823 813 notissimus
843 750 898 811 est
916 742 925 785 ¹
956 739 1041 811 licet
1064 738 1170 812 libris
1190 739 1302 812 Gellii
1321 727 1453 813 manuss

222 866 367 966 scriptis
381 891 575 966 perperam
591 863 777 938 Caluisius
792 864 1005 958 nominetur
1020 888 1028 936 :
1045 864 1085 934 L.
1100 862 1279 946 Caluinus
1294 853 1449 953 Taurus,

221 992 411 1091 Berytius‚
438 990 544 1063 cuius
572 992 671 1087 ἀκμῇ
703 1014 736 1061 a.
768 990 838 1061 115
872 988 1095 1077 uindicatur,
1128 988 1225 1061 inter
1256 976 1452 1087 magistros

220 1115 380 1188 Herodis
393 1113 508 1187 Attici
523 1113 639 1185 1111101
655 1112 810 1186 Luciani
825 1110 989 1211 quoque,
1008 1112 1038 1184 si
1057 1112 1207 1211 quidem
1221 1113 1311 1185 nihil
1329 1112 1452 1187 obstat

122 1314 125 1323 ,
218 1240 309 1338 quin
329 1238 488 1310 eundem
511 1236 624 1310 fuisse
652 1247 762 1336 atque
791 1237 897 1310 illum
925 1237 1148 1309 arbitremur
1176 1238 1281 1309 cuius
1303 1222 1452 1311 libellus

216 1363 449 1435 Hermotimi
462 1363 475 1407 ²
497 1361 648 1434 nomine
673 1348 873 1460 inscriptus
896 1361 1083 1461 mythicos
1108 1387 1297 1434 sermones
1323 1363 1447 1436 refert.

217 1481 312 1560 Eum
332 1512 423 1559 uero
441 1518 457 1553 «
473 1487 639 1586 Delphos
654 1486 700 1559 ad
719 1484 854 1584 Pythia
873 1496 1174 1584 conuentumque
1200 1484 1312 1559 totins
1333 1487 1449 1559 ferme

218 1611 394 1685 Graeciae
419 1610 617 1683 uisendum
644 1643 659 1679 >r
690 1611 762 1682 isse
787 1620 913 1683 narrat
939 1610 1132 1693 Gellius³;
1162 1610 1335 1709 quicum
1360 1612 1450 1684 haec

216 1734 399 1810 addiderit
421 1767 439 1805 11
455 1731 540 1808 cum
565 1761 633 1807 nos
654 1735 687 1807 ei
714 1734 868 1807 comites
888 1760 1102 1821 essemus»,
1135 1734 1258 1833 reipsa
1280 1735 1450 1833 praebuit

219 1859 315 1932 unde
338 1859 473 1959 Pythia
490 1859 553 1931 illa
569 1859 681 1931 simul
701 1868 811 1957 atque
835 1857 1060 1932 Aristaeneti
1078 1854 1213 1930 munus
1234 1869 1334 1931 certo
1352 1886 1449 1931 anno

217 1977 331 2057 tribui
358 1995 521 2083 possent.
541 1982 685 2056 Gellius
705 1982 804 2054 enim
834 1983 993 2055 Romam
1023 1982 1134 2054 rediit
1148 1994 1231 2054 ante
1256 1982 1448 2081 Peregrini

217 2110 372 2181 Proteos
398 2118 569 2198 mortem,
590 2107 615 2181 i.
639 2135 672 2179 e.
697 2118 780 2180 ante
805 2133 838 2180 a.
869 2109 939 2180 165
959 2108 990 2195 4;
1019 2107 1083 2179 sed
1107 2133 1192 2179 cum
1223 2107 1262 2179 in
1294 2106 1449 2181 Graecia

219 2231 475 2305 tantummodo
500 2232 596 2305 inter
617 2258 650 2305 a.
680 2233 749 2303 166
769 2242 805 2304 01
826 2232 896 2304 165
917 2242 1084 2304 uersatus
1103 2231 1163 2322 sit,
1191 2231 1328 2330 Pythia
1347 2231 1448 2304 nulla

218 2356 289 2430 nisi
312 2383 344 2430 a.
374 2358 443 2429 163
465 2367 630 2456 spectare
656 2357 789 2456 potuit.
817 2355 878 2428 Sic
903 2355 1182 2429 Aristaenetum
1211 2356 1445 2443 archontem,

218 2480 303 2553 dein
323 2480 552 2554 sacerdotem
573 2480 899 2579 Antiphanemque
922 2481 1136 2553 archontem
1158 2480 1329 2553 ordinare
1348 2480 1448 2578 cogi-

220 2632 315 2679 mur.
1298 2595 1301 2599 ⁵

265 2729 468 2803 Eubulides
496 2740 634 2817 autem,
667 2755 783 2827 nepos
814 2727 977 2800 Philleae
1014 2728 1126 2815 illius,
1162 2727 1366 2801 Eubulidae
1401 2729 1444 2817 1.,

215 2878 327 2953 quem
347 2853 535 2926 buleutam
561 2853 674 2925 luisse
695 2851 845 2925 Soclaro
871 2854 1006 2924 iterum
1032 2854 1207 2925 archonte
1227 2852 1402 2955 nouimus
1417 2854 1443 2942 ⁵,

216 2976 382 3051 eiusdem
402 2978 479 3051 1010
497 2976 674 3077 temporis
694 2987 760 3049 est.
782 2977 925 3049 Paucos
943 2976 1043 3048 enim
1061 3001 1177 3080 annos
1194 2986 1277 3075 post
1291 2986 1353 3048 aut
1371 2977 1447 3048 101-

215 3114 310 3175 tasse
329 3114 413 3176 ante
434 3105 447 3149 ⁶
467 3102 739 3175 Aristaenetum
752 3127 836 3174 eum
854 3101 1070 3173 archontem
1088 3100 1200 3173 fuisse
1217 3101 1445 3199 opin0r‚non

217 3227 337 3298 solum
360 3226 446 3325 quia
468 3237 623 3325 uterque
645 3227 774 3298 titulus
791 3226 918 3298 eadem
947 3251 1059 3298 manu
1088 3235 1258 3298 exaratus
1291 3236 1358 3313 est,
1381 3226 1446 3297 sed

216 3337 327 3424 etiam
337 3360 489 3451 propter
501 3356 638 3423 nomen
659 3350 870 3450 philosophi
890 3350 955 3448 qui
970 3350 1112 3448 primus
1130 3350 1227 3421 inter
1240 3336 1445 3448 platonicos

251 3575 278 3626 1.
298 3571 343 3627 Cf.
359 3572 527 3626 testimonia
544 3573 722 3642 Prosopoqr.
745 3570 755 3622 l
779 3589 807 3644 p.
830 3572 880 3624 295
900 3575 1051 3642 congesta.
1073 3572 1185 3624 Taurus
1207 3572 1282 3624 ciuis
1306 3588 1444 3625 romanus

216 3660 281 3729 suit,
299 3666 331 3715 ut
347 3662 515 3732 omnesqui
538 3661 648 3714 scholis
668 3660 907 3732 philosophorum
928 3665 1101 3730 praeerant:
1124 3661 1161 3715 01.
1183 3660 1274 3724 Diels,
1295 3660 1442 3731 Archias.

216 3751 385 3804 Geaclriclrte
399 3750 451 3803 der
466 3750 578 3803 Paitoi,
597 3750 662 3801 1891
677 3766 707 3819 p.
720 3750 782 3803 490.

157 3827 162 3831 ’
250 3839 539 3903 0111111101.

251 3931 276 3984 3.
298 3930 368 3999 Cap.
385 3929 420 3981 24
434 3928 484 3998 ed..
500 3927 657 3980 Fritzsche.

249 4018 275 4073 4.
298 4019 342 4072 Cf.
359 4018 405 4071 ed.
425 4017 521 4071 Hertz.
538 4016 640 4070 maior.
657 4014 747 4087 prael.

251 4108 276 4161 5.
298 4107 342 4160 Cl.
380 4107 446 4160 ,211

252 4197 278 4251 6,
303 4124 494 4261 Ρο1111001110,
511 4195 578 4265 quia
601 4194 629 4245 in
645 4193 764 4248 decreto
779 4210 838 4264 quo
854 4192 966 4246 Taurus
983 4167 1148 4263 delphicam
1164 4191 1313 4245 ciuitatem
1324 4164 1442 4264 accepit

188 4342 192 4348 ,
217 4302 245 4339 u.
263 4285 440 4337 3011101000
454 4282 569 4336 litterae
584 4282 679 4339 ΝΟΙΣ
695 4283 824 4335 minores
840 4282 968 4352 scriptae
983 4287 1062 4347 sunt,
1076 4281 1153 4350 quod
1169 4281 1269 4333 testari
1286 4280 1402 4335 uidetur
1413 4281 1442 4333 in

217 4371 319 4426 dextra
333 4371 439 4442 lapidis
452 4377 534 4443 parte
548 4372 604 4424 iam
619 4372 743 4425 alterum
757 4372 873 4424 titulum
889 4378 975 4423 antea
987 4370 1165 4441 insculptum
1182 4370 1281 4422 luisse.
