3700 5684
526 556 569 603 DE
596 555 878 603 nnrmcrrouvn
905 556 1109 603 EPIMELETIS
1384 533 1430 603 53

201 722 266 783 est.
298 714 552 807 Augustorum
578 709 824 782 sacerdotium
848 708 1039 807 inprimis
1063 708 1161 793 dico,
1189 735 1263 807 quo
1283 710 1430 782 functos

202 861 278 907 esse
292 833 519 908 Cleandrum
532 835 557 925 ¹,
568 833 834 907 Cleomachum
846 834 873 922 ²,
890 832 1120 930 Megalinum
1134 836 1147 876 ³
1160 843 1260 905 certo
1276 835 1426 907 scimus.

201 960 331 1031 Nullus
358 970 481 1031 autem
512 957 586 1030 iam
621 968 705 1058 post
738 956 943 1029 Domitiani
962 967 1128 1056 tempora
1149 958 1333 1056 ἀρχιερεὺς
1358 964 1429 1031 τῶν

202 1084 391 1190 Σεβαστῶν
432 1092 582 1163 uidetur
601 1090 819 1190 nuncupari.
838 1090 1042 1162 Eubiotum
1062 1090 1188 1162 4euim
1202 1091 1429 1163 sacerdotem

201 1218 454 1314 Augustorum
467 1216 578 1288 luisse
586 1225 730 1288 constat
740 1215 803 1287 sed
815 1215 911 1313 apud
931 1215 962 1285 H
967 1225 1157 1313 ypataeos‚
1172 1241 1245 1287 non
1258 1214 1426 1313 Delphis

202 1342 397 1413 Praeterea
427 1339 577 1412 Cassius
607 1341 783 1412 Petraeus
814 1338 946 1411 eodem
971 1338 1221 1437 nomineque
1249 1337 1430 1411 Eubiotus

201 1465 383 1566 ἀρχιερεὺς
396 1464 450 1536 ἐπὶ
464 1477 538 1549 τοῖς
557 1455 635 1537 δυσὶ
656 1461 839 1564 crepitet<
857 1464 1060 1535 honoratus
1079 1474 1134 1535 est
1153 1464 1165 1507 ⁵
1186 1474 1234 1553 et,
1257 1464 1429 1561 quamuis

200 1589 327 1661 titulus
347 1589 503 1687 Delphis
520 1599 690 1661 exaratus
707 1588 766 1671 sit,
788 1586 885 1659 haud
904 1587 980 1659 scio
1002 1612 1049 1657 an
1069 1586 1227 1683 dignitas
1247 1587 1427 1685 quaedam

199 1712 296 1812 apud
320 1712 533 1811 Hypataeos
549 1712 706 1809 insignis
732 1712 791 1784 hic
812 1736 962 1810 quoque
983 1709 1209 1807 designetur.
1244 1712 1336 1784 Vtut
1355 1722 1423 1797 est,

199 1863 275 1913 nou
301 1837 373 1908 hoc
407 1835 575 1908 conicere
609 1834 727 1907 audeo
755 1838 1011 1933 Augustorum
1042 1834 1289 1907 sacerdotium
1322 1835 1428 1933 quasi

198 1959 407 2032 necessario
428 1958 634 2058 epimeletis
653 1959 973 2059 Amphictyonum
993 1958 1041 2029 ita
1063 1959 1294 2057 impertitum
1315 1959 1427 2031 luisse

92 2082 102 2097 '
199 2095 304 2156 utne
324 2110 418 2182 opus
433 2083 583 2182 quidem
604 2094 700 2156 esset
714 2083 805 2154 illud
829 2109 1036 2155 memorare
1057 2082 1363 2181 quotiescumque
1381 2082 1426 2155 de

198 2209 256 2280 his
285 2219 467 2306 ageretur.
499 2208 629 2281 Potius
659 2234 747 2279 sane
791 2207 1025 2280 inferendum
1062 2206 1220 2295 uidetur
1244 2207 1310 2279 has
1336 2206 1426 2280 duas

198 2332 395 2430 dignitates
418 2358 493 2404 non
524 2332 591 2404 rite
620 2330 658 2403 in
685 2330 873 2419 omnibus,
904 2331 969 2403 sed
998 2333 1151 2404 fortasse
1180 2331 1217 2402 in
1238 2332 1427 2404 nonnullis

198 2457 413 2528 hominibus
446 2456 662 2529 coniunctas
696 2456 873 2528 extitisse.
907 2457 1018 2528 Plura
1055 2482 1145 2528 uero
1184 2455 1245 2528 hic
1277 2481 1426 2554 quoque

197 2581 333 2653 desunt
350 2607 463 2678 quam
476 2593 516 2654 ut
533 2580 736 2679 quidquam
751 2591 889 2651 temere
903 2579 1128 2652 adsumetur.

247 2706 294 2778 Et
313 2707 435 2805 primo
453 2705 628 2805 adspectu
647 2703 828 2776 habemus
848 2730 914 2775 cur
933 2703 1033 2775 idem
1051 2704 1219 2776 dicamus
1234 2704 1294 2775 uel
1304 2705 1425 2803 potius

199 2840 385 2902 taceamus
424 2830 470 2902 de
512 2829 574 2901 illa
616 2827 789 2900 ludorum
831 2827 1136 2928 celebrandorum
1183 2853 1270 2900 cura
1313 2854 1425 2926 quam

198 2952 433 3053 ἀγωνοθεσίὰν
453 2960 523 3026 τῶν
540 2943 682 3024 Πυθίων
710 2949 904 3024 uocabant.
934 2952 1018 3023 Non
1049 2951 1149 3023 enim
1179 2977 1309 3023 omnes
1331 2978 1424 3049 quos

198 3078 372 3150 nouimus
392 3054 611 3177 epimeletae
634 3076 744 3147 simul
772 3074 986 3175 ἀγωνοθέται
1014 3075 1246 3175 appellantur
1265 3078 1291 3148 ⁶.
1317 3075 1423 3148 Adde

198 3201 298 3299 quod
320 3200 471 3300 plurimi
491 3227 619 3273 eorum
643 3200 709 3298 qui
732 3200 874 3296 origine
900 3199 1150 3298 Nicopolitani
1186 3210 1291 3272 eraut
1315 3199 1423 3271 ludos

198 3325 371 3398 Actiacos
391 3337 499 3423 atque
522 3325 583 3396 alii
605 3324 697 3396 alios
716 3334 903 3412 rexerunt,
931 3324 982 3395 nil
1004 3350 1093 3396 uero
1112 3325 1184 3397 huc
1203 3325 1343 3397 faciunt
1362 3325 1438 3396 illa
1537 3370 1544 3380 -

198 3475 364 3522 munera.
391 3449 463 3522 Sed
502 3475 587 3521 cum
620 3448 754 3547 Pythia
789 3447 1027 3548 imperatoria
1066 3460 1182 3521 aetate
1207 3448 1359 3521 maximi
1388 3460 1423 3521 et

234 3729 259 3779 l.
280 3727 360 3781 BCll
373 3727 422 3779 XX
433 3744 461 3798 p.
479 3727 540 3793 710,
557 3744 586 3781 n.
601 3726 681 3779 3455.

232 3818 258 3870 ἱ).
281 3815 355 3884 Syll.
373 3818 434 3870 372.

232 3907 256 3959 3.
279 3905 356 3957 BCll
369 3904 418 3956 XX
434 3922 461 3975 p.
476 3906 538 3969 720,
552 3922 581 3958 n.
598 3905 676 3957 3959.

232 3994 258 4048 l.
279 3994 359 4046 BCH
369 3993 432 4046 XXI
448 4011 475 4064 p.
496 3994 556 4047 153.
582 3992 672 4045 Cuius
698 3992 774 4045 tituli
797 4011 824 4046 u.
860 3994 893 4044 10
918 4007 1097 4062 praenomen
1121 3990 1244 4060 §staples
1267 3989 1434 4043 manifesto·

199 4082 392 4153 supplendum
403 4088 458 4135 cst.

233 4171 258 4225 5.
281 4171 423 4237 Pomtow,
440 4171 588 4239 Beilraeye
599 4188 624 4223 z.
647 4171 677 4224 T.
694 4187 719 4221 υ.
734 4168 768 4223 D.
784 4186 812 4240 p.
831 4171 892 4221 l22.

232 4261 257 4312 6.
279 4259 382 4329 Neque
405 4271 439 4311 ex
458 4259 604 4311 contrario
624 4258 777 4311 adfirmare
798 4257 886 4309 uelim
909 4258 1079 4326 omnesqui
1102 4257 1254 4325 ἀγωνοθέται
1274 4255 1420 4321 dicuntur,

198 4363 224 4402 e.
240 4364 268 4417 g.
285 4345 431 4417 Αὖτάφιλον
445 4347 509 4401 ClG
524 4349 601 4416 1717,
619 4363 721 4400 reuera
737 4346 910 4417 epimeletas
926 4345 1027 4398 tuisse.
