3700 5684
397 631 444 703 60
747 657 791 703 un
818 656 1073 703 rnrsnaronvn
1100 657 1276 704 srrsrvms

397 835 491 907 quae
515 808 575 880 hic
598 807 735 907 publici
759 806 850 880 iuris
876 809 999 880 secero
1026 810 1157 881 melius
1186 808 1325 880 exitum
1356 807 1542 880 institutae
1569 808 1621 880 rei

398 933 596 1032 expedient
619 960 730 1032 quam
758 933 835 1033 ipse
862 944 1083 1005 consecutus
1111 959 1192 1004 sum
1223 944 1259 1005 et
1286 959 1353 1031 per
1377 933 1512 1004 molem
1539 932 1624 1005 reli-

398 1082 558 1156 quorum
577 1058 818 1130 frustulorum
844 1056 903 1128 uia
923 1057 1068 1129 facilius
1087 1067 1280 1156 propterea
1302 1057 1506 1155 reperietur
1524 1056 1624 1155 quod

398 1181 578 1283 nonnulla
598 1181 670 1253 iam
684 1192 879 1280 aggregata
898 1191 935 1253 et
951 1192 1051 1254 certo
1069 1180 1272 1282 composita
1292 1192 1437 1280 praesto
1453 1192 1571 1253 erunt.

446 1306 497 1377 Vt
520 1332 578 1378 res
598 1331 696 1378 nunc
716 1332 754 1377 se
777 1304 904 1391 babet,
931 1317 1105 1403 tanquam
1129 1331 1194 1404 per
1218 1317 1451 1378 transennam
1480 1315 1622 1378 tantum

399 1428 587 1529 adspicere
604 1429 711 1502 nobis
727 1429 881 1527 contigit
899 1455 1010 1527 quam
1027 1430 1143 1502 multa
1156 1456 1362 1528 magnaque
1382 1429 1439 1502 his
1459 1428 1625 1528 epistulis

398 1565 550 1627 tractata
565 1554 650 1627 sint.
666 1555 761 1626 Nam
779 1554 825 1626 de
841 1580 915 1626 uno
931 1563 994 1626 aut
1008 1554 1122 1626 altero
1136 1554 1299 1639 homine,
1317 1579 1350 1626 e.
1368 1580 1403 1651 g.
1419 1553 1465 1625 de
1486 1553 1625 1650 Pytho·

399 1678 491 1752 doro
506 1678 667 1777 quodam
687 1678 833 1777 Delpho
854 1689 915 1750 aut
937 1677 982 1749 de
1004 1678 1164 1776 quodam
1186 1679 1306 1776 legato
1326 1677 1371 1750 ad
1393 1677 1623 1750 Hadrianum

400 1803 513 1875 misso
527 1828 613 1875 sane
632 1802 768 1900 agitur3
791 1801 854 1874 sed
874 1803 966 1874 baec
985 1802 1082 1874 leuia
1096 1812 1182 1874 sunt
1201 1802 1419 1901 saepiusque
1441 1801 1623 1874 maiorum

400 1953 524 1999 rerum
544 1937 730 1999 momenta
751 1952 794 1998 ex
815 1925 1080 2024 imperatorum
1094 1926 1241 1999 decreto
1259 1926 1432 2026 pendent.
1456 1926 1624 1998 Praemia

400 2052 499 2123 enim
520 2062 568 2136 et,
591 2061 632 2122 ut
650 2075 767 2121 unum
787 2076 1005 2137 memorem,
1029 2052 1238 2149 αὐτονομίας
1257 2050 1451 2149 priuilegia
1471 2049 1625 2148 Delphis

400 2175 446 2248 ab
480 2173 635 2272 singulis
671 2173 957 2272 imperatoribus
996 2175 1232 2255 confirmata,
1267 2174 1366 2246 illam
1408 2207 1423 2239 «
1444 2173 1625 2271 reliquam

400 2299 571 2372 umbram
583 2296 816 2371 etresiduum
830 2297 1009 2370 libertatis
1020 2324 1155 2370 nomen
1167 2330 1182 2361 u
1198 2298 1298 2397 quod
1310 2298 1452 2370 Plinius
1462 2296 1625 2370 Maximo

401 2449 467 2495 suo
494 2421 746 2495 uenerandum
771 2420 1073 2504 commendabat:
1101 2422 1185 2493 dein
1205 2423 1296 2494 fines
1320 2421 1455 2520 quibus
1477 2420 1626 2521 praedia

402 2547 586 2646 Apollinis
604 2572 623 2618 a
645 2546 850 2618 uicinarum
866 2546 1057 2618 ciuitatum
1081 2547 1177 2645 agris
1196 2545 1516 2645 distinguebantur
1527 2544 1625 2617 baud

401 2671 515 2743 semel
531 2670 769 2755 constitut0s3
793 2678 979 2769 postremo
1002 2671 1291 2769 amphictyonici
1318 2670 1465 2742 concilii
1491 2680 1625 2742 statum

401 2795 565 2868 uicissim
579 2794 625 2867 ab
641 2797 822 2891 Auguste,
836 2794 984 2866 Nerone
998 2795 1165 2883 fortasse,
1185 2794 1374 2867 Hadriano
1390 2793 1624 2865 immutatum

401 2929 524 3018 atque,
551 2920 646 2992 sicut
669 2918 759 3005 dixi,
783 2917 821 2990 in
844 2917 975 2990 eodem
1000 2944 1134 3016 genere
1154 2944 1252 2991 noua
1268 2918 1313 2990 de
1334 2917 1480 3017 Pythiis
1502 2943 1625 3016 praes·

401 3042 518 3143 cripta
545 3068 717 3141 nouaque
734 3042 936 3115 certamina
953 3042 1225 3142 antiquioribus
1246 3041 1390 3115 addita:
1418 3041 1558 3113 utinam
1579 3040 1625 3112 de

401 3166 575 3239 omnibus
594 3167 667 3239 illis
689 3165 799 3239 rebus
818 3167 923 3264 plura
946 3191 1145 3264 congerere
1165 3167 1286 3253 liceat,
1308 3175 1503 3265 postquam
1529 3165 1625 3263 frag·
1671 3211 1674 3216 -

401 3302 526 3364 menta
545 3293 650 3391 plura
670 3292 708 3363 in
727 3317 843 3364 unum
863 3292 1010 3364 redacta
1030 3295 1157 3365 erunt!

451 3416 559 3488 Nunc
572 3441 661 3487 uero
678 3441 751 3487 non
768 3441 905 3503 rerum,
922 3415 986 3487 sed
997 3428 1206 3515 temporum
1222 3416 1281 3489 hic
1294 3443 1442 3516 quoque
1457 3419 1626 3491 ordinem

402 3540 507 3638 sequi
529 3539 669 3611 mutilis
688 3538 921 3612 documentis
940 3540 1120 3638 cogimur.
1138 3539 1388 3625 Quamobrem
1408 3542 1452 3614 de
1472 3542 1628 3641 singulis

401 3663 687 3764 imperatoribus
707 3663 880 3762 colligere
899 3664 1027 3736 titulos
1046 3664 1212 3736 nondum
1228 3674 1336 3737 notos
1355 3678 1508 3740 conatus
1529 3693 1625 3754 eum,

401 3789 565 3889 primum
589 3788 729 3861 scilicet
747 3798 949 3860 statuarum
971 3787 1230 3887 inscriptiones
1250 3790 1303 3861 eis
1322 3816 1524 3889 eorumque
1544 3816 1627 3890 pro-

402 3912 552 4012 pinquis
574 3911 845 3999 dcdicatarum‚
873 3912 959 3984 dein
979 3912 1220 4011 epistularum
1251 3913 1394 4011 potiora
1423 3915 1626 4012 fragmenta

404 4062 498 4135 quae
514 4036 560 4109 ab
580 4036 632 4109 eis
645 4046 707 4108 aut
721 4036 766 4108 ad
780 4062 843 4109 eos
858 4036 991 4109 missae
1007 4047 1104 4110 sunt.

454 4292 563 4381 Quod
584 4293 629 4366 ad
651 4297 854 4366 Avcvsrvn
878 4294 1000 4393 ipsum
1026 4295 1152 4366 attinet
1182 4294 1235 4366 nil
1259 4294 1470 4368 habemus:
1501 4306 1626 4396 postea

406 4442 497 4489 uero
522 4443 602 4490 rem
622 4416 962 4516 amphictyonicam
989 4417 1121 4491 adino
1147 4422 1316 4517 Augusto
1340 4419 1463 4491 denuo
1489 4419 1626 4492 consti-
