3700 5684
694 543 739 591 ne
766 543 958 591 nsauvnors
1395 522 1443 592 43

209 697 403 770 minimam
432 697 558 769 fuisse.
589 696 671 769 Hoo
699 706 824 769 autem
856 696 985 768 titulo¹
1028 721 1127 768 nunc
1163 694 1326 796 primum
1351 697 1441 795 quid

210 821 399 896 noluerint
415 820 632 894 illustratur.

637 1004 729 1082 Θεός.
752 1000 840 1089 Τύχα
854 1000 964 1087 ἀγαθά.

373 1122 375 1127 ’
430 1180 434 1186 ,
545 1117 627 1199 Μηνὶ
645 1118 834 1204 Ποιοτροντίῳ
850 1114 897 1203 γ’,
917 1119 948 1182 ὲν
964 1119 1077 1203 ἐννόμῳ

546 1239 725 1320 ὄαμιουργίῳ
747 1251 755 1266 ·
780 1233 880 1312 ἔδοξεν
896 1247 959 1310 τοῖς

545 1354 735 1435 δαμιουργοίς
755 1348 791 1414 Γ.
814 1346 931 1435 Ἰουλίῳ
952 1348 1087 1415 liodber-

545 1491 573 1531 τι
587 1469 808 1551 φρονμεντοιρίῳ
825 1460 999 1551 λεγιῶν(ο)ς
1015 1464 1097 1550 τρώ-

545 1607 600 1662 της
621 1576 771 1663 Ἰταλικῆς
786 1579 949 1666 στρατιώτῃ
966 1582 1013 1645 ἐπὶ
1030 1588 1088 1645 τῶν

496 1752 498 1756 .
546 1704 643 1782 ἔργων
660 1700 721 1762 ὄντι
737 1704 795 1761 τῶν
812 1701 1069 1776 κατασκευαζομέ-

548 1807 633 1897 [ν]ων
652 1818 706 1877 ὑπο
724 1823 774 1877 τοῦ
794 1816 896 1896 κυρίου
916 1809 1070 1896 Καίσαρος
1089 1808 1175 1895 Τρα·

547 1923 657 2012 [turbo
676 1922 834 2012 Ἀδριανοῦ
856 1924 1021 2004 Σεβαστοῦ,
1043 1930 1145 2004 καλῶς

548 2039 622 2129 [καὶ]
641 2042 807 2124 αἰδημὲνως
827 2044 1028 2123 ἐπιδημοῦντι,
1048 2037 1146 2127 odo]-

746 2184 792 2222 ναι
807 2162 986 2223 πολειτείαν.

546 2269 744 2359 [Himeraea
760 2272 988 2358 Αὐτοκράτορος
1006 2271 1159 2358 Καίσαρος
1175 2269 1257 2358 Τρα·

679 2401 758 2453 ιοινοῡ
780 2382 939 2473 Ἀδριανοῦ
957 2385 1119 2454 Σεόοστοῦ.

260 2578 483 2652 Iamdudum
498 2579 650 2678 quidem
670 2589 814 2652 constat
833 2580 930 2652 inter
946 2579 1188 2678 imperatores
1208 2578 1441 2652 Hadrianum

210 2704 426 2802 praesertim
452 2705 490 2776 in
513 2704 716 2804 prouinciis
742 2702 869 2776 omnia
893 2735 909 2771 a
937 2729 1004 2803 per
1032 2703 1296 2776 frumentarios
1313 2704 1441 2802 explo—

210 2839 364 2914 rasse»,
399 2829 505 2901 cuius
538 2828 591 2901 rei
620 2854 761 2901 nouum
794 2828 1007 2927 exemplum
1034 2838 1069 2900 et
1097 2827 1257 2900 maxime
1286 2827 1441 2924 dignum

209 2961 310 3060 quod
334 2961 538 3034 retineatur
556 2960 751 3034 babemus.
774 2962 917 3061 Nempe
939 2959 1014 3033 illis
1035 2954 1262 3060 ἔργοιτρρυαο
1283 2957 1442 3034 Hadria-

208 3111 279 3157 nus
299 3085 455 3185 Delphis
482 3085 615 3159 confiei
641 3085 748 3159 iussit
780 3085 873 3159 nibil
892 3083 995 3158 alind
1022 3110 1134 3184 quam
1158 3070 1325 3158 d'edificia
1346 3082 1442 3158 noui

210 3209 369 3308 Pylaeae
401 3207 570 3283 suburbii
591 3208 777 3307 designari
805 3210 940 3309 opinor
964 3234 1007 3281 ao
1036 3219 1162 3309 postea
1186 3182 1441 3282 demonstrare

209 3332 388 3406 conabor.
416 3320 685 3407 Praetermitto
703 3359 852 3432 quoque
881 3320 968 3405 eum
997 3331 1061 3433 qui
1092 3318 1282 3406 decretum
1311 3332 1443 3406 litteris

210 3449 404 3531 mandauit
427 3457 510 3531 ioco
531 3458 620 3530 satis
639 3456 827 3531 elaborato
851 3483 984 3530 uocem
1010 3456 1047 3530 in
1069 3458 1140 3530 boe
1161 3483 1296 3556 genere
1314 3450 1444 3530 admo-

210 3589 300 3663 dum
345 3590 559 3664 inusitatam
603 3580 804 3689 αἰδημόνως
840 3589 1009 3662 Pudenti
1047 3589 1272 3664 adhibuisse.
1316 3590 1442 3663 Nostri

210 3715 328 3813 magis
351 3714 505 3788 interest
532 3714 746 3812 demiurgos
773 3715 888 3788 semel
918 3739 1007 3786 sane
1036 3712 1192 3787 consilio
1227 3715 1441 3814 populoque

208 3839 382 3939 delphico
406 3865 584 3939 suppares
608 3838 785 3912 declarari
809 3838 853 3911 de
878 3837 1124 3938 impertienda
1150 3838 1312 3911 ciuitate.
1334 3837 1443 3910 Nune

247 4154 272 4207 t.
295 4149 326 4221 lp
340 4149 461 4204 sinistro
469 4150 560 4205 latere
575 4149 680 4222 lapidis
691 4150 817 4221 1220(cs.
833 4150 924 4222 ppat
939 4155 969 4203 et
984 4151 1019 4203 ³2
1034 4148 1112 4219 adn.)
1121 4149 1237 4203 medius
1253 4149 1412 4205 titulus.V.
1426 4151 1442 4203 5

209 4240 319 4309 legitur
337 4238 456 4311 λογιωνης
486 4255 567 4293 mero
588 4256 689 4293 errore
712 4245 783 4310 puto
807 4238 986 4310 quadratarii
1013 4244 1134 4310 propter
1157 4237 1217 4291 duo
1246 4238 1335 4291 uerba
1365 4255 1441 4310 quae

210 4334 374 4399 sequuntur
388 4327 525 4381 similiter
541 4327 686 4383 cadentia.
