3700 5684
429 686 478 757 98
945 709 1138 759 eouemsto

427 860 648 933 soluendum
659 887 874 933 concessum
889 887 981 934 esse.
996 862 1117 959 Atque
1134 863 1257 933 omnia
1280 862 1445 933 nondum
1462 864 1655 935 enucleare

428 1010 600 1086 possum:
634 987 724 1058 haec
759 996 857 1057 certe
890 985 1046 1058 dicenda
1078 1013 1173 1084 quae
1212 987 1326 1059 uitam
1355 987 1471 1086 ipsam
1508 989 1656 1087 penitus

427 1110 707 1183 consumebant.
731 1099 957 1209 Ὀλιγανδρία
979 1110 1194 1184 scilieetilla
1205 1112 1381 1209 quaeiam
1393 1122 1482 1183 teste
1498 1112 1656 1210 Polybio

428 1234 621 1307 Graeciam
660 1234 820 1334 perdidit
851 1235 955 1306 nullo
994 1235 1157 1308 remedio
1192 1235 1312 1308 sanari
1340 1246 1529 1334 potuerat:
1567 1236 1654 1308 iude

427 1359 592 1432 aduenae
623 1360 687 1458 qui
717 1386 869 1433 munera
900 1360 937 1431 in
970 1359 1117 1432 ciuitate
1146 1388 1221 1432 non
1250 1387 1315 1432 sua
1341 1360 1650 1460 adipiscebantur.

428 1483 534 1556 Adde
558 1485 658 1582 quod
684 1484 880 1582 dignitates
910 1485 948 1555 in
975 1485 1111 1583 quibus
1133 1486 1367 1557 constitimus
1398 1486 1534 1583 quippe
1561 1512 1653 1584 quas

428 1609 559 1682 Graeci
600 1619 686 1680 tune
725 1609 861 1707 eximio
905 1635 1029 1680 amore
1068 1610 1252 1715 prosecuti
1291 1610 1365 1681 sint
1400 1636 1474 1680 non
1514 1610 1651 1681 liberae

426 1732 586 1805 ciuitatis
612 1732 685 1805 iam
716 1732 879 1806 instituta
918 1744 1022 1805 erant
1053 1733 1116 1806 sed
1157 1733 1249 1805 nihil
1288 1733 1386 1806 aliud
1411 1761 1521 1832 quam
1558 1761 1652 1807 uana

425 1856 639 1957 ludieraque
658 1857 807 1929 nomina
823 1857 1045 1957 quibuscum
1064 1884 1192 1930 reuera
1209 1859 1437 1956 congruebat
1449 1859 1554 1931 nihil.
1576 1859 1651 1931 loci

315 1992 320 1999 “
424 1993 545 2054 autem
559 1993 766 2054 etuocesex
777 1983 948 2054 thesauro
958 1983 1186 2080 antiquitatis
1200 1983 1441 2081 depromptae
1451 1984 1650 2079 imaginem

424 2106 623 2204 quamdam
650 2107 775 2180 uiuam
805 2107 948 2179 efficere
981 2134 1053 2178 non
1089 2117 1281 2206 poterant3
1322 2107 1446 2205 itaque
1485 2109 1645 2206 porticus

425 2231 508 2303 illae
536 2241 645 2330 atque
682 2232 743 2304 illa
776 2231 941 2304 aedificia
973 2230 1110 2330 quibus
1149 2220 1285 2328 Pylaea
1319 2231 1535 2330 splendebat
1571 2259 1642 2304 non

424 2357 540 2428 multo
562 2358 678 2454 magis
705 2356 877 2428 ualebant
896 2383 1008 2454 quam
1028 2357 1278 2428 restitutiones
1295 2356 1340 2429 ab
1368 2357 1575 2429 architectis
1614 2369 1650 2428 et

423 2479 672 2582 ἀρχαιολὸγοις
700 2481 738 2554 in
750 2482 874 2555 charta
887 2481 1103 2554 delineatae.
1119 2482 1219 2553 Nihil
1234 2482 1333 2553 enim
1348 2481 1493 2554 obstare
1505 2492 1647 2581 poterat

423 2607 512 2705 quin
538 2607 751 2679 illaberetur
784 2607 963 2706 templum
990 2606 1193 2704 umbraque
1225 2606 1648 2706 uespertinaApollinis

424 2731 549 2803 sedem
567 2731 792 2804 obscuraret.

1279 2848 1355 2913 l'idi,

1021 2946 1068 2999 die
1082 2946 1155 3001 xxi.
1170 2946 1281 2999 mensis
1296 2946 1391 2998 ltlartii
1404 2946 1471 2998 anm
1487 2945 1593 2999 lthlll'

691 3045 848 3101 Facultatis
870 3045 1043 3097 Litterarum
1063 3046 1091 3096 in
1111 3045 1308 3098 Vniuersitate
1324 3044 1483 3097 Parisiensi
1505 3043 1647 3109 Decorus,

1187 3145 1220 3198 Α.
1239 3141 1372 3197 Cuorser.

582 3269 672 3340 Typis
694 3270 849 3322 mandetur
867 3286 872 3323 :
917 3310 920 3315 .
986 3280 993 3295 ⁶

493 3368 666 3420 Academiae
680 3368 854 3420 parisiensis
865 3368 981 3435 Hector,

654 3467 686 3519 L.
701 3466 801 3520 Liauo.
