3700 5684
554 618 599 665 ur
626 618 881 675 rueranronvu
908 619 1086 666 arrsrvms
1392 599 1435 669 8¹1

204 770 434 844 difficultates
461 772 560 844 enim
589 783 664 845 tam
696 772 769 844 cito
796 772 960 844 extitisse
994 772 1090 844 inter
1130 799 1271 846 sacram
1305 773 1438 847 urbem

207 896 358 994 eiusque
373 895 594 968 suburbium
609 897 785 1019 Pylaeam
805 923 880 968 non
902 896 1095 996 probabile
1120 897 1281 983 uidetur,
1306 925 1375 971 nec
1394 898 1439 971 de

114 1094 118 1099 ,
208 1020 467 1119 Thermopylis
493 1021 655 1119 cogitare
688 1021 774 1094 licet
804 1048 898 1120 quae
936 1022 998 1094 illa
1030 1033 1148 1094 aetate
1183 1049 1255 1094 non
1284 1023 1358 1095 iam
1391 1024 1440 1095 ita

209 1144 510 1218 nominabantur.

257 1269 409 1343 Maioris
425 1271 588 1368 profecto
600 1271 780 1361 momenti
791 1270 900 1343 nobis
911 1283 1008 1344 esset
1022 1271 1116 1344 scire
1127 1271 1218 1369 quid
1232 1271 1441 1344 Hadrianus

209 1392 253 1465 de
284 1394 470 1467 Thessalis
495 1394 643 1485 dixerit,
671 1392 734 1491 ned
765 1395 858 1495 lapis
887 1396 1025 1468 fractus
1052 1406 1118 1468 est.
1147 1395 1290 1468 Collato
1318 1408 1440 1469 autem

210 1520 316 1592 titulo
339 1519 403 1617 qui
421 1545 531 1619 supra
556 1496 762 1621 exscriptus
781 1532 848 1607 est,
872 1520 1041 1592 conicere
1063 1521 1147 1592 licet
1165 1521 1358 1593 Thessalos
1377 1521 1442 1619 qui

210 1645 470 1743 antiquissimo
497 1644 693 1742 priuilegio
713 1644 770 1716 usi
790 1642 1020 1717 celebrandis
1036 1644 1182 1743 Pythiis
1200 1657 1392 1743 praeerant
1407 1655 1443 1717 et

211 1768 446 1869 ἀγωνοθεσίας
459 1768 623 1867 praemia
639 1767 808 1841 solebant
826 1769 1049 1841 exercerem
1065 1796 1104 1840 re
1125 1770 1338 1868 pecuniaria
1355 1780 1442 1842 tunc

209 1919 358 1992 quoque
388 1893 544 1992 Delphis
567 1892 706 1992 primas
732 1892 900 1965 obtinere
923 1894 1112 1965 uoluisse:
1141 1920 1173 1964 e.
1199 1920 1234 1989 g.
1262 1894 1441 1993 pecuniae

210 2017 399 2116 depositae
428 2018 612 2091 decimam
643 2028 786 2116 partem
820 2018 858 2089 in
888 2016 1060 2089 manibus
1089 2016 1286 2090 habebant.
1321 2018 1441 2102 Quam

212 2140 454 2213 ambitionem
477 2143 628 2239 refregit
642 2142 857 2240 imperator.

261 2266 410 2337 Vltimis
430 2265 555 2341 uerbis
574 2293 668 2365 quae
689 2266 745 2339 bis
765 2267 982 2364 fragmentis
995 2279 1232 2340 asseruantur
1245 2257 1439 2361 διοικήσας,

212 2380 397 2488 διένειμαν,
416 2389 751 2464 administrandum
767 2391 838 2463 Dei
858 2391 1041 2464 aerarium
1062 2391 1261 2487 significari
1277 2392 1444 2490 suspicor

214 2526 250 2586 et
284 2514 329 2586 de
359 2515 487 2587 eadem
519 2542 558 2588 re
585 2517 841 2613 quaestionem
873 2516 1016 2588 institui
1044 2542 1116 2613 qua
1141 2517 1177 2587 in
1202 2515 1443 2614 praecedente

214 2639 370 2738 epistula
409 2664 416 2711 :
448 2642 495 2712 cl.
528 2667 564 2740 p.
598 2642 643 2711 74
672 2641 801 2719 u.‚8-9
831 2667 838 2714 :
870 2637 1055 2734 ἡκέτωσαν
1078 2631 1188 2711 δὲκαὶ
1211 2632 1438 2712 Θεσσαλοὶ...

215 2762 451 2871 διανείμαντες
469 2772 514 2846 τὰ
530 2770 701 2875 χρήματα
721 2771 834 2846 αὐτοί.

264 2896 373 2968 Haud
390 2898 467 2970 scio
487 2923 533 2971 au
554 2899 657 2972 alteri
678 2897 843 2969 eiusdem
863 2897 1041 2995 epistulae
1060 2897 1256 2969 columnae
1279 2896 1444 2969 tribuen-

214 3021 303 3093 dum
332 3023 380 3093 sit
406 3022 653 3121 fragmentum
673 3022 773 3121 quod
793 3048 904 3111 nunc,
930 3021 1101 3120 quamuis
1123 3022 1215 3093 nihil
1236 3021 1445 3094 inuenerim

214 3145 315 3243 quod
330 3172 416 3218 cum
432 3172 476 3218 eo
491 3148 790 3245 coniungerem,
814 3145 1057 3219 transcribam
1080 3172 1087 3219 :
1116 3172 1152 3220 u.
1183 3148 1290 3217 1387.

534 3435 541 3447 .
557 3434 563 3447 .
579 3388 689 3449 ,ἐκεῖνα
707 3387 738 3448 δὲ
756 3385 788 3448 αὖ
805 3381 943 3468 δίκαισίν.
961 3434 990 3447 ..

535 3525 621 3565 ...αι
639 3504 779 3575 παλείτας
804 3506 941 3575 τούτους.
957 3550 964 3564 .
980 3550 987 3562 .

534 3641 608 3679 ..τα
625 3614 708 3691 αὖθις
724 3619 772 3680 ἐπὶ
789 3620 841 3694 τὴν
861 3610 1061 3697 πολειτείίαν.
1077 3664 1083 3675 .
1100 3665 1105 3675 .

534 3757 604 3796 ..το
622 3728 672 3796 ἐπ’
688 3735 759 3811 ἐμοῦ
775 3755 852 3807 τινες
871 3744 956 3795 ταῦτα
982 3756 1015 3793 α.
1032 3780 1037 3793 .
1054 3777 1061 3792 .

535 3871 635 3930 ..γιιν
651 3851 728 3928 ὑμᾶς
743 3854 775 3911 τί
794 3849 893 3930 ἕτερον
914 3845 991 3926 ἅμα.
1007 3868 1037 3908 .·.

528 3959 684 4046 πολείίτας
701 3970 972 4046 παραιτινμένσιις.
990 4011 995 4024 .
1013 4010 1019 4023 .
1085 4046 1087 4051 Α

597 4074 678 4139 Vae.
705 4074 905 4161 Ἐπρὲσὸεναν
924 4074 984 4160 (bt)
983 4120 1097 4141 ......

539 4244 567 4256 ..
584 4190 646 4279 ,νίς
670 4190 901 4283 Ἀρισταίνετος,
920 4189 1087 4276 Φιλλέίας.
1103 4242 1109 4254 ,
1125 4241 1131 4253 .
1148 4242 1154 4254 .

630 4359 636 4372 .
652 4294 731 4386 σαν,
749 4308 918 4389 Φιλάμμων
941 4304 1077 4391 Ὑὸρίία.
1093 4359 1099 4371 .
1115 4356 1122 4370 .
1138 4358 1144 4369 .
