3700 5684
392 606 435 678 ff)
901 629 1098 676 ranararro

388 783 488 880 longi
518 783 669 882 parietis
713 782 867 855 inferior
898 808 997 880 pars,
1033 781 1064 853 si
1093 807 1258 853 seorsum
1283 808 1440 880 reponas
1474 783 1615 881 aliquot

387 906 706 1006 Amphictyonum
729 907 887 987 decreta,
903 906 1070 1005 epistulis
1091 905 1354 1004 imperatorum
1371 908 1476 1004 quasi
1495 933 1614 980 reser-

388 1042 471 1104 uata
486 1031 632 1104 uidetur
648 1057 738 1104 esse.
755 1031 939 1129 Denique,
954 1056 999 1101 ne
1010 1030 1115 1129 plura
1128 1056 1228 1102 nunc
1240 1029 1360 1102 dicam
1376 1030 1421 1102 de
1436 1030 1508 1103 illis
1519 1057 1612 1129 quae

387 1189 501 1262 penes
521 1164 752 1263 ἐπιγραφικήν
767 1174 864 1253 sunt,
878 1164 1011 1236 iterum
1032 1163 1091 1235 hic
1112 1173 1238 1262 repeto
1257 1163 1459 1260 permultas
1476 1175 1612 1237 statua·

387 1314 470 1359 rum
489 1287 595 1361 bases
606 1314 700 1387 quae
720 1315 794 1360 non
807 1287 908 1361 iuxta
934 1287 1033 1360 uiam
1048 1313 1189 1359 sacram
1205 1297 1347 1359 tantum
1367 1287 1431 1359 sed
1448 1288 1610 1386 undique

387 1412 424 1483 in
445 1411 611 1510 peribolo
632 1412 890 1501 obuersantnr,
913 1410 1048 1510 quibus
1070 1437 1206 1483 nomen
1229 1410 1428 1509 laudesque
1453 1411 1610 1485 dedicati

387 1547 423 1607 et
441 1562 515 1608 non
538 1562 619 1608 raro
635 1536 839 1608 dedicantis
859 1562 1007 1634 quoque
1027 1534 1272 1608 celebrantur.

435 1661 533 1758 Ergo
560 1660 590 1731 si
619 1659 701 1758 quis
726 1670 1051 1732 monumentorum
1082 1660 1439 1758 inscriptionumque
1465 1660 1610 1759 copiam

385 1795 618 1883 aggregatam
647 1784 812 1857 intuetur
844 1796 966 1883 atque,
999 1784 1185 1856 Plutarchi
1220 1783 1375 1883 dialogis
1403 1785 1544 1857 collatis
1576 1797 1612 1857 et

388 1936 627 1981 nummorum
652 1910 864 1983 testimonio
884 1909 1062 1996 adhibito,
1081 1909 1206 1982 omnia
1226 1909 1264 1980 in
1280 1935 1394 1980 unum
1416 1909 1611 2008 complecti

388 2044 515 2123 tentat,
545 2035 576 2105 is
598 2032 748 2105 demum
773 2034 954 2132 intellegit
971 2024 1044 2131 quo
1059 2034 1139 2105 iure
1163 2032 1393 2105 sacerdotum
1424 2033 1611 2132 delphico·

386 2184 470 2229 rum
489 2157 714 2229 clarissimus
730 2158 1016 2230 reuiuisoentem
1039 2183 1104 2229 sua
1119 2168 1236 2229 aetate
1256 2140 1549 2230 sacramurbem
1575 2169 1611 2229 et

388 2308 483 2353 noua
498 2281 655 2379 Pylaeae
675 2282 790 2380 stirpe
810 2281 1045 2353 fruticantem
1069 2281 1346 2354 collaudauerit.
1364 2282 1441 2353 Nos
1462 2307 1609 2379 quoque

386 2416 422 2477 et
439 2405 625 2504 Apollinis
645 2405 723 2477 sedi
743 2432 842 2477 nouo
862 2405 1057 2504 splendore
1084 2405 1239 2502 fulgenti
1268 2416 1304 2477 et
1325 2405 1610 2504 imperatoribus

386 2555 503 2627 paene
531 2527 704 2601 omnibus
722 2529 880 2627 benigna
908 2556 988 2602 eam
1020 2556 1108 2602 cura
1145 2529 1358 2601 fouentibus
1380 2540 1417 2601 et
1451 2529 1541 2601 uiris
1566 2530 1608 2599 'in

386 2645 489 2716 omni
508 2671 642 2742 genere
659 2643 776 2717 laudis
795 2645 998 2717 notissimis
1017 2645 1062 2716 ad
1082 2644 1260 2744 templum
1288 2644 1358 2715 Dei
1379 2644 1504 2743 Pythii
1523 2670 1610 2716 con·

386 2768 619 2841 currentibus
647 2768 808 2873 libenter
833 2771 1125 2868 gratularemur;
1148 2770 1212 2841 sed
1239 2795 1285 2840 ne
1310 2770 1431 2867 specie
1456 2769 1607 2840 forsitan

387 2918 480 2964 uana
500 2892 699 2965 illudamur
720 2920 852 2992 operae
878 2894 1038 2992 pretium
1062 2905 1117 2966 est
1136 2919 1214 2965 rem
1235 2893 1386 2992 propius
1413 2893 1606 2991 inspicere.

387 3018 468 3089 Non
488 3018 587 3089 enim
605 3028 659 3089 est
676 3044 741 3090 cur
761 3017 858 3089 idem
888 3017 996 3089 nobis
1024 3030 1133 3116 atque
1163 3017 1362 3089 Plutarcho
1386 3017 1527 3089 accidat
1546 3017 1609 3115 qui

386 3141 431 3213 de
451 3140 668 3239 aequalibus
687 3153 751 3214 aut
769 3141 983 3213 hominibus
1003 3153 1063 3213 aut
1080 3141 1189 3213 rebus
1210 3141 1448 3240 semetipsum
1470 3141 1609 3212 inuitus

387 3266 423 3337 in
440 3292 604 3338 errorem
631 3264 1002 3364 inducere'potuerit.

435 3391 528 3462 Mihi
550 3401 671 3462 tamen
693 3416 766 3461 non
786 3390 890 3461 estin
912 3391 1037 3462 animo
1052 3391 1178 3462 omnia
1193 3391 1365 3489 colligere
1386 3418 1479 3490 quae
1495 3392 1608 3490 scrip-

385 3525 483 3586 tores
504 3515 672 3612 titulique
692 3514 737 3585 de
760 3514 915 3613 Delphis
935 3541 1001 3613 per
1015 3515 1180 3613 primap.
1194 3515 1282 3589 Chr.
1297 3516 1440 3587 saecula
1460 3516 1604 3588 docent.

387 3639 578 3711 Materiam
601 3640 699 3711 enim
720 3639 886 3711 nondum
905 3640 992 3711 satis
1014 3639 1193 3737 digestam
1207 3667 1286 3712 esse
1299 3667 1384 3712 mox
1402 3641 1606 3740 apparebit.

386 3765 442 3836 De
478 3763 784 3863 inscriptionibus
812 3774 954 3837 tantum
992 3765 1137 3862 loquor,
1172 3791 1327 3862 quarum
1363 3766 1609 3837 minutissima

386 3890 591 3986 fragmenta
619 3890 844 3987 coniungere
864 3900 901 3960 et
922 3891 1027 3987 quasi
1048 3889 1308 3962 resarcire-diu
1326 3890 1476 3986 quidem
1498 3916 1609 3962 cona-

386 4026 445 4087 tus
465 4039 561 4102 sum,
583 4013 647 4085 sed
668 4015 801 4085 frustra
818 4014 977 4112 saepius.
999 4014 1128 4086 Hocin
1148 4013 1272 4085 libello
1289 4015 1454 4112 requiras
1471 4041 1608 4115 quaeso

385 4164 459 4209 non
476 4163 731 4236 quaecumque
745 4137 953 4210 tentauised
971 4163 1063 4234 quae
1080 4164 1178 4210 nunc
1194 4139 1322 4210 saltem
1333 4164 1400 4236 pro
1412 4153 1511 4213 certo
1522 4139 1608 4212 dare

386 4288 549 4361 possum.
565 4263 638 4334 Pro
658 4262 882 4333 lineamento
900 4262 1051 4333 maioris
1061 4263 1182 4333 ualeat
1199 4261 1335 4335 laboris
1352 4265 1576 4364 suscipiendi
1597 4291 1605 4339 :

349 4473 353 4481 ι
385 4386 448 4484 qui
485 4398 525 4458 ut
558 4386 771 4458 absoluatur
811 4385 976 4484 lapidum
1008 4387 1309 4484 transcriptiones
1344 4390 1607 4488 chartaceaque
