3700 5684
405 654 453 723 88
757 673 802 720 oa
829 671 1084 719 turenaroavu
1111 669 1288 716 nrrsrvms

405 828 583 927 epistulae
602 827 713 898 luisse
733 825 878 898 conicio
903 850 910 897 :
935 824 998 896 sed
1021 850 1088 895 suo
1112 824 1329 895 alterutrum
1350 823 1431 894 loco
1454 847 1632 920 reponere

406 942 573 1024 nondum
606 950 710 1050 potui
743 960 778 1022 et
806 976 873 1048 per
904 976 942 1020 se
982 948 1074 1047 ipsa,
1103 957 1249 1046 praeter
1282 946 1394 1018 uerba
1429 947 1517 1018 satis
1549 946 1633 1018 trita

406 1086 607 1159 ἀθανατο...
628 1093 665 1155 et
679 1079 911 1183 πρεσβευτήν,
935 1081 1026 1154 nihil
1047 1081 1229 1153 adferunt.

456 1209 525 1281 His
540 1208 669 1307 primis
687 1206 856 1280 uersibus
871 1206 1082 1305 planissime
1096 1205 1259 1276 cernitur
1271 1216 1407 1302 quanta
1424 1204 1633 1277 adulatione

408 1334 638 1406 Hadrianum
649 1331 785 1431 Delphi
799 1331 1046 1430 adloquantur
1063 1355 1071 1401 :
1090 1329 1169 1401 eius
1186 1328 1284 1400 enim
1300 1328 1530 1401 diuinitatem
1549 1328 1633 1401 inde

406 1458 452 1530 ah
483 1458 635 1529 exordio
655 1457 831 1528 inuocant
854 1466 1074 1554 gratumque
1103 1453 1268 1525 animum
1303 1453 1492 1551 religionis
1514 1453 1634 1526 adfec-

407 1592 543 1664 tatione
561 1589 769 1689 inquinant.
784 1588 958 1662 Libenter
972 1589 1085 1687 igitur
1097 1586 1327 1659 restituerem
1346 1614 1381 1658 u.
1395 1578 1632 1684 SlDedlaotot]

408 1727 525 1823 ἱερέως
552 1724 622 1796 nisi
644 1724 768 1823 potius
794 1725 960 1823 ἀρχιερέα
992 1733 1065 1793 tam
1095 1698 1280 1793 uenerato
1302 1721 1496 1793 caelicolae
1528 1720 1634 1793 insti·

407 1849 576 1921 tuissent.

458 1974 592 2046 Procul
617 1972 731 2044 dubio
758 1982 811 2044 est
843 1971 1007 2069 Delphos
1030 1997 1067 2042 u.
1100 1971 1121 2041 5
1148 1968 1193 2041 de
1221 1967 1419 2041 Eleusiniis
1448 1968 1635 2065 mysteriis

408 2105 626 2205 cogitauisse
651 2116 688 2177 et
711 2104 900 2177 Hadriano
928 2129 1048 2202 nuper
1073 2105 1289 2201 μεμυημένῳ
1316 2103 1515 2199 gratulatos
1539 2127 1630 2175 esse.

408 2229 480 2303 Sed
509 2229 587 2302 siue
616 2228 661 2301 de
685 2229 808 2328 priore
835 2228 1041 2300 initiatione
1068 2252 1100 2298 a.
1136 2227 1204 2299 125
1228 2227 1299 2298 hoc
1324 2225 1460 2324 accipis
1486 2226 1564 2297 siue
1588 2226 1632 2298 de

409 2353 555 2453 epoptia
581 2379 691 2451 quam
720 2353 763 2424 P.
791 2354 975 2424 Foucart¹
1003 2350 1173 2423 Cassium
1203 2350 1363 2422 Dionem
1389 2351 1530 2448 optimo
1555 2352 1632 2423 iure

408 2489 555 2550 secutus
588 2504 622 2550 a.
655 2478 725 2548 129
752 2470 970 2561 uindicauit‚
1004 2486 1146 2547 certum
1176 2473 1324 2546 uidetur
1355 2473 1506 2546 alteram
1540 2476 1634 2547 hanc

409 2604 604 2702 epistulam
626 2612 710 2701 post
729 2601 828 2673 illam
852 2610 951 2673 recte
968 2600 1125 2699 positam
1142 2625 1236 2672 esse.

458 2727 540 2798 Non
574 2726 735 2798 alienum
768 2726 920 2798 esthon
958 2725 1039 2824 ipso
1079 2724 1255 2822 temporis
1293 2734 1482 2795 momento
1516 2734 1633 2795 totum

410 2850 588 2924 Hadriani
603 2851 863 2950 principatum,
883 2860 923 2921 ut
938 2849 986 2921 ita
1000 2849 1134 2931 dicam,
1150 2848 1186 2919 in
1201 2847 1458 2921 breuissimum
1475 2848 1632 2945 effigiem

408 2976 535 3048 reduci
558 3001 565 3047 :
589 2975 852 3073 imperatorem
873 2999 1087 3072 graecarum
1106 3000 1228 3044 rerum
1251 2974 1410 3045 maxiiue
1428 2971 1632 3044 studiosum

409 3100 719 3197 magnificumque
742 3099 972 3197 Delphorum
994 3108 1203 3197 patronum,
1224 3098 1389 3196 Delphos
1413 3123 1501 3169 uero
1530 3097 1634 3194 quasi

408 3225 512 3295 humi
532 3222 925 3307 iacentesadorantes.

459 3434 676 3505 Aurouruvu
722 3432 819 3504 Prvu
857 3432 930 3503 iam
964 3430 1211 3530 comperimus
1250 3430 1411 3530 delphici
1449 3431 1634 3503 archontis

409 3583 544 3630 munus
564 3568 626 3629 aut
647 3556 772 3655 potius
787 3582 921 3628 nomen
944 3555 1127 3654 accepisse
1150 3579 1158 3626 ε
1180 3557 1227 3628 cl.
1250 3582 1287 3654 p.
1306 3556 1366 3628 36.
1385 3556 1504 3628 Maius
1524 3556 1634 3628 etiam

409 3681 470 3754 ille
490 3680 775 3754 beneuolentiae
793 3681 926 3780 pignus
946 3679 1044 3752 dedit
1067 3680 1156 3752 dum
1176 3678 1222 3753 ad
1244 3664 1538 3779 Amphictyones
1559 3680 1635 3752 del-

408 3803 630 3906 phicamque
668 3805 856 3879 ciuitatem
898 3806 1093 3903 epistulam
1133 3804 1244 3876 mittit
1284 3804 1389 3905 cuius
1431 3805 1635 3901 fragmenta

408 3932 585 4003 hactenus
608 3931 787 4002 nonnulla
807 3942 950 4028 reperta
970 3941 1055 4001 sunt.
1072 3932 1097 4002 '².

448 4138 470 4187 l.
492 4135 559 4188 lleo.
572 4134 680 4188 Philet.
696 4134 715 4188 l.
731 4136 751 4188 l.

445 4227 470 4277 2.
491 4224 556 4276 Tria
577 4224 738 4295 fragmenta
760 4224 866 4294 lapidis
888 4223 960 4276 calc.
984 4241 1011 4275 n.
1034 4224 1103 4276 3722
1130 4223 1305 4293 quibuscum
1332 4222 1523 4293 coniungitur
1555 4224 1633 4295 frag-

408 4319 539 4365 mentum
555 4313 636 4365 BCH
648 4312 685 4364 Vl
700 4332 728 4383 p.
746 4313 806 4365 tat.
822 4331 850 4367 n,
865 4313 898 4365 85
912 4312 1034 4365 editum.
1053 4312 1093 4365 De
1113 4312 1204 4365 altera
1218 4312 1355 4364 columna
1371 4317 1508 4381 superest
1520 4318 1631 4366 tantum

409 4400 524 4453 initium
540 4401 772 4471 quattuordecim
791 4419 939 4469 uersuum,
950 4417 1046 4471 neque
1061 4407 1131 4471 quot
1143 4402 1258 4453 litterae
1273 4399 1480 4453 desiderentur
1492 4400 1635 4454 determi-

408 4505 478 4543 nare
493 4506 570 4542 nunc
590 4506 721 4561 possum.
